TRADENO	TRADETIME	SECBOARD	SECCODE	PRICE	VOLUME	ACCRUEDINT	YIELD	VALUE
003422595392	090217	SPEQ	GAZP	214.2500000000	2900	0.00	0.00	621325.00
003422595393	090217	SPEQ	GAZP	214.2500000000	300	0.00	0.00	64275.00
003422595394	090217	SPEQ	GAZP	214.2500000000	1600	0.00	0.00	342800.00
003422595395	090217	SPEQ	GAZP	214.2500000000	3300	0.00	0.00	707025.00
003422595396	090217	SPEQ	GAZP	214.2500000000	6000	0.00	0.00	1285500.00
003422595397	090217	SPEQ	GAZP	214.2500000000	100	0.00	0.00	21425.00
003422595398	090217	SPEQ	GAZP	214.2500000000	300	0.00	0.00	64275.00
003422595399	090217	SPEQ	GAZP	214.2500000000	200	0.00	0.00	42850.00
003422595400	090217	SPEQ	GAZP	214.2500000000	4000	0.00	0.00	857000.00
003422595401	090217	SPEQ	GAZP	214.2500000000	400	0.00	0.00	85700.00
003422595402	090217	SPEQ	GAZP	214.2500000000	2800	0.00	0.00	599900.00
003422595403	090217	SPEQ	GAZP	214.2500000000	2000	0.00	0.00	428500.00
003422595404	090217	SPEQ	GAZP	214.2500000000	2500	0.00	0.00	535625.00
003422595405	090217	SPEQ	GAZP	214.2500000000	26300	0.00	0.00	5634775.00
003422595406	090217	SPEQ	GAZP	214.2500000000	100	0.00	0.00	21425.00
003422595407	090217	SPEQ	GAZP	214.2500000000	700	0.00	0.00	149975.00
003422595408	090217	SPEQ	GAZP	214.2500000000	15000	0.00	0.00	3213750.00
003422595409	090217	SPEQ	GAZP	214.2500000000	3900	0.00	0.00	835575.00
003422595410	090217	SPEQ	GAZP	214.2500000000	200	0.00	0.00	42850.00
003422595411	090217	SPEQ	GAZP	214.2500000000	200	0.00	0.00	42850.00
003422595412	090217	SPEQ	GAZP	214.2500000000	31500	0.00	0.00	6748875.00
003422595413	090217	SPEQ	GAZP	214.2500000000	4500	0.00	0.00	964125.00
003422595414	090217	SPEQ	GAZP	214.2500000000	100	0.00	0.00	21425.00
003422595415	090217	SPEQ	GAZP	214.2500000000	100	0.00	0.00	21425.00
003422595416	090217	SPEQ	GAZP	214.2500000000	600	0.00	0.00	128550.00
003422595417	090217	SPEQ	GAZP	214.2500000000	300	0.00	0.00	64275.00
003422595418	090217	SPEQ	GAZP	214.2500000000	300	0.00	0.00	64275.00
003422595419	090217	SPEQ	GAZP	214.2500000000	500	0.00	0.00	107125.00
003422595420	090217	SPEQ	GAZP	214.2500000000	700	0.00	0.00	149975.00
003422595421	090217	SPEQ	GAZP	214.2500000000	400	0.00	0.00	85700.00
003422595422	090217	SPEQ	GAZP	214.2500000000	6000	0.00	0.00	1285500.00
003422595423	090217	SPEQ	GAZP	214.2500000000	300	0.00	0.00	64275.00
003422595424	090217	SPEQ	GAZP	214.2500000000	100	0.00	0.00	21425.00
003422595425	090217	SPEQ	GAZP	214.2500000000	400	0.00	0.00	85700.00
003422595426	090217	SPEQ	GAZP	214.2500000000	100	0.00	0.00	21425.00
003422595427	090217	SPEQ	GAZP	214.2500000000	1300	0.00	0.00	278525.00
003422595428	090217	SPEQ	GAZP	214.2500000000	500	0.00	0.00	107125.00
003422595429	090217	SPEQ	GAZP	214.2500000000	100	0.00	0.00	21425.00
003422595430	090217	SPEQ	GAZP	214.2500000000	1000	0.00	0.00	214250.00
003422595431	090217	SPEQ	GAZP	214.2500000000	1300	0.00	0.00	278525.00
003422595432	090217	SPEQ	GAZP	214.2500000000	300	0.00	0.00	64275.00
003422595433	090217	SPEQ	GAZP	214.2500000000	100	0.00	0.00	21425.00
003422595434	090217	SPEQ	GAZP	214.2500000000	700	0.00	0.00	149975.00
003422595435	090217	SPEQ	GAZP	214.2500000000	200	0.00	0.00	42850.00
003422595436	090217	SPEQ	GAZP	214.2500000000	100	0.00	0.00	21425.00
003422595437	090217	SPEQ	GAZP	214.2500000000	100	0.00	0.00	21425.00
003422595438	090217	SPEQ	GAZP	214.2500000000	1100	0.00	0.00	235675.00
003422595439	090217	SPEQ	GAZP	214.2500000000	500	0.00	0.00	107125.00
003422595440	090217	SPEQ	GAZP	214.2500000000	100	0.00	0.00	21425.00
003422595441	090217	SPEQ	GAZP	214.2500000000	35300	0.00	0.00	7563025.00
003422595442	090217	SPEQ	GAZP	214.2500000000	400	0.00	0.00	85700.00
003422595443	090217	SPEQ	GAZP	214.2500000000	100	0.00	0.00	21425.00
003422595444	090217	SPEQ	GAZP	214.2500000000	5500	0.00	0.00	1178375.00
003422595445	090217	SPEQ	GAZP	214.2500000000	4900	0.00	0.00	1049825.00
003422595446	090217	SPEQ	GAZP	214.2500000000	1000	0.00	0.00	214250.00
003422595447	090217	SPEQ	GAZP	214.2500000000	1300	0.00	0.00	278525.00
003422595448	090217	SPEQ	GAZP	214.2500000000	100	0.00	0.00	21425.00
003422595449	090217	SPEQ	GAZP	214.2500000000	129000	0.00	0.00	27638250.00
003422595450	090217	SPEQ	GAZP	214.2500000000	100	0.00	0.00	21425.00
003422595451	090218	SPEQ	GAZP	214.2500000000	500	0.00	0.00	107125.00
003422595452	090218	SPEQ	GAZP	214.2500000000	2500	0.00	0.00	535625.00
003422595453	090218	SPEQ	GAZP	214.2500000000	300	0.00	0.00	64275.00
003422595454	090218	SPEQ	GAZP	214.2500000000	100	0.00	0.00	21425.00
003422595455	090218	SPEQ	GAZP	214.2500000000	400	0.00	0.00	85700.00
003422595456	090218	SPEQ	GAZP	214.2500000000	100	0.00	0.00	21425.00
003422595457	090218	SPEQ	GAZP	214.2500000000	100	0.00	0.00	21425.00
003422595458	090218	SPEQ	GAZP	214.2500000000	11200	0.00	0.00	2399600.00
003422595459	090218	SPEQ	GAZP	214.2500000000	400	0.00	0.00	85700.00
003422595460	090218	SPEQ	GAZP	214.2500000000	100	0.00	0.00	21425.00
003422595461	090218	SPEQ	GAZP	214.2500000000	100	0.00	0.00	21425.00
003422595462	090218	SPEQ	GAZP	214.2500000000	1000	0.00	0.00	214250.00
003422595463	090218	SPEQ	GAZP	214.2500000000	100	0.00	0.00	21425.00
003422595464	090218	SPEQ	GAZP	214.2500000000	48600	0.00	0.00	10412550.00
003422595465	090218	SPEQ	GAZP	214.2500000000	100	0.00	0.00	21425.00
003422595466	090218	SPEQ	GAZP	214.2500000000	300	0.00	0.00	64275.00
003422595467	090218	SPEQ	GAZP	214.2500000000	200	0.00	0.00	42850.00
003422595468	090218	SPEQ	GAZP	214.2500000000	3300	0.00	0.00	707025.00
003422595469	090218	SPEQ	GAZP	214.2500000000	3000	0.00	0.00	642750.00
003422595470	090218	SPEQ	GAZP	214.2500000000	107700	0.00	0.00	23074725.00
003422595471	090218	SPEQ	GAZP	214.2500000000	100	0.00	0.00	21425.00
003422595472	090218	SPEQ	GAZP	214.2500000000	100	0.00	0.00	21425.00
003422595473	090218	SPEQ	GAZP	214.2500000000	500	0.00	0.00	107125.00
003422595474	090218	SPEQ	GAZP	214.2500000000	700	0.00	0.00	149975.00
003422595475	090218	SPEQ	GAZP	214.2500000000	2000	0.00	0.00	428500.00
003422595476	090218	SPEQ	GAZP	214.2500000000	1200	0.00	0.00	257100.00
003422595477	090218	SPEQ	GAZP	214.2500000000	100	0.00	0.00	21425.00
003422595478	090218	SPEQ	GAZP	214.2500000000	1500	0.00	0.00	321375.00
003422595479	090218	SPEQ	GAZP	214.2500000000	300	0.00	0.00	64275.00
003422595480	090218	SPEQ	GAZP	214.2500000000	200	0.00	0.00	42850.00
003422595481	090218	SPEQ	GAZP	214.2500000000	700	0.00	0.00	149975.00
003422595482	090218	SPEQ	GAZP	214.2500000000	422700	0.00	0.00	90563475.00
003422595483	090218	SPEQ	GAZP	214.2500000000	500	0.00	0.00	107125.00
003422595484	090218	SPEQ	GAZP	214.2500000000	100	0.00	0.00	21425.00
003422595485	090218	SPEQ	GAZP	214.2500000000	1300	0.00	0.00	278525.00
003422595486	090218	SPEQ	GAZP	214.2500000000	1000	0.00	0.00	214250.00
003422595487	090218	SPEQ	GAZP	214.2500000000	500	0.00	0.00	107125.00
003422595488	090218	SPEQ	GAZP	214.2500000000	300	0.00	0.00	64275.00
003422595489	090218	SPEQ	GAZP	214.2500000000	200	0.00	0.00	42850.00
003422595490	090218	SPEQ	GAZP	214.2500000000	100	0.00	0.00	21425.00
003422595491	090218	SPEQ	GAZP	214.2500000000	1000	0.00	0.00	214250.00
003422595492	090218	SPEQ	GAZP	214.2500000000	8500	0.00	0.00	1821125.00
003422595493	090218	SPEQ	GAZP	214.2500000000	4300	0.00	0.00	921275.00
003422595494	090218	SPEQ	GAZP	214.2500000000	318100	0.00	0.00	68152925.00
003422595495	090218	SPEQ	GAZP	214.2500000000	30000	0.00	0.00	6427500.00
003422595496	090218	SPEQ	GAZP	214.2500000000	80000	0.00	0.00	17140000.00
003422595497	090218	SPEQ	GAZP	214.2500000000	392600	0.00	0.00	84114550.00
003422595498	090218	SPEQ	GAZP	214.2500000000	2500	0.00	0.00	535625.00
003422595499	090218	SPEQ	GAZP	214.2500000000	100	0.00	0.00	21425.00
003422595500	090218	SPEQ	GAZP	214.2500000000	6500	0.00	0.00	1392625.00
003422595501	090218	SPEQ	GAZP	214.2500000000	200	0.00	0.00	42850.00
003422595502	090218	SPEQ	GAZP	214.2500000000	3394500	0.00	0.00	727271625.00
003422595503	090218	SPEQ	GAZP	214.2500000000	6000	0.00	0.00	1285500.00
003422595504	090218	SPEQ	GAZP	214.2500000000	500	0.00	0.00	107125.00
003422595505	090218	SPEQ	GAZP	214.2500000000	20000	0.00	0.00	4285000.00
003422595506	090218	SPEQ	GAZP	214.2500000000	13000	0.00	0.00	2785250.00
003422595507	090218	SPEQ	GAZP	214.2500000000	1000	0.00	0.00	214250.00
003422595508	090219	SPEQ	GAZP	214.2500000000	1500	0.00	0.00	321375.00
003422595509	090219	SPEQ	GAZP	214.2500000000	1700	0.00	0.00	364225.00
003422595510	090219	SPEQ	GAZP	214.2500000000	3000	0.00	0.00	642750.00
003422595511	090219	SPEQ	GAZP	214.2500000000	3000	0.00	0.00	642750.00
003422595512	090219	SPEQ	GAZP	214.2500000000	500	0.00	0.00	107125.00
003422595513	090219	SPEQ	GAZP	214.2500000000	400	0.00	0.00	85700.00
003422595514	090219	SPEQ	GAZP	214.2500000000	200	0.00	0.00	42850.00
003422595515	090219	SPEQ	GAZP	214.2500000000	1200	0.00	0.00	257100.00
003422595516	090219	SPEQ	GAZP	214.2500000000	1300	0.00	0.00	278525.00
003422595517	090219	SPEQ	GAZP	214.2500000000	400	0.00	0.00	85700.00
003422595518	090219	SPEQ	GAZP	214.2500000000	100	0.00	0.00	21425.00
003422595519	090219	SPEQ	GAZP	214.2500000000	2865200	0.00	0.00	613869100.00
003422595520	090219	SPEQ	GAZP	214.2500000000	1220000	0.00	0.00	261385000.00
003422595521	090219	SPEQ	GAZP	214.2500000000	1000	0.00	0.00	214250.00
003422595522	090219	SPEQ	GAZP	214.2500000000	4700	0.00	0.00	1006975.00
003422595523	090219	SPEQ	GAZP	214.2500000000	200	0.00	0.00	42850.00
003422595524	090219	SPEQ	GAZP	214.2500000000	500	0.00	0.00	107125.00
003422595525	090219	SPEQ	GAZP	214.2500000000	200	0.00	0.00	42850.00
003422595526	090219	SPEQ	GAZP	214.2500000000	100	0.00	0.00	21425.00
003422595527	090219	SPEQ	GAZP	214.2500000000	100	0.00	0.00	21425.00
003422595528	090219	SPEQ	GAZP	214.2500000000	500	0.00	0.00	107125.00
003422595529	090219	SPEQ	GAZP	214.2500000000	100	0.00	0.00	21425.00
003422595530	090219	SPEQ	GAZP	214.2500000000	500	0.00	0.00	107125.00
003422595531	090219	SPEQ	GAZP	214.2500000000	100	0.00	0.00	21425.00
003422595532	090219	SPEQ	GAZP	214.2500000000	3600	0.00	0.00	771300.00
003422595533	090219	SPEQ	GAZP	214.2500000000	200	0.00	0.00	42850.00
003422595534	090219	SPEQ	GAZP	214.2500000000	5500	0.00	0.00	1178375.00
003422595535	090219	SPEQ	GAZP	214.2500000000	2600	0.00	0.00	557050.00
003422595536	090219	SPEQ	GAZP	214.2500000000	300	0.00	0.00	64275.00
003422595537	090219	SPEQ	GAZP	214.2500000000	100	0.00	0.00	21425.00
003422595538	090219	SPEQ	GAZP	214.2500000000	100	0.00	0.00	21425.00
003422595539	090219	SPEQ	GAZP	214.2500000000	100	0.00	0.00	21425.00
003422595540	090219	SPEQ	GAZP	214.2500000000	400	0.00	0.00	85700.00
003422595541	090219	SPEQ	GAZP	214.2500000000	1000	0.00	0.00	214250.00
003422595542	090219	SPEQ	GAZP	214.2500000000	200	0.00	0.00	42850.00
003422595543	090219	SPEQ	GAZP	214.2500000000	1000	0.00	0.00	214250.00
003422595544	090219	SPEQ	GAZP	214.2500000000	700	0.00	0.00	149975.00
003422595545	090219	SPEQ	GAZP	214.2500000000	1500	0.00	0.00	321375.00
003422595546	090219	SPEQ	GAZP	214.2500000000	500	0.00	0.00	107125.00
003422595547	090219	SPEQ	GAZP	214.2500000000	400	0.00	0.00	85700.00
003422595548	090219	SPEQ	GAZP	214.2500000000	300	0.00	0.00	64275.00
003422595549	090219	SPEQ	GAZP	214.2500000000	385100	0.00	0.00	82507675.00
003422595550	090219	SPEQ	GAZP	214.2500000000	200	0.00	0.00	42850.00
003422595551	090219	SPEQ	GAZP	214.2500000000	2000	0.00	0.00	428500.00
003422595552	090219	SPEQ	GAZP	214.2500000000	100	0.00	0.00	21425.00
003422595553	090219	SPEQ	GAZP	214.2500000000	100	0.00	0.00	21425.00
003422595554	090219	SPEQ	GAZP	214.2500000000	1000	0.00	0.00	214250.00
003422595555	090219	SPEQ	GAZP	214.2500000000	100	0.00	0.00	21425.00
003422595556	090219	SPEQ	GAZP	214.2500000000	2600	0.00	0.00	557050.00
003422595557	090219	SPEQ	GAZP	214.2500000000	300	0.00	0.00	64275.00
003422595558	090219	SPEQ	GAZP	214.2500000000	200	0.00	0.00	42850.00
003422595559	090219	SPEQ	GAZP	214.2500000000	65400	0.00	0.00	14011950.00
003422595560	090219	SPEQ	GAZP	214.2500000000	2000	0.00	0.00	428500.00
003422595561	090219	SPEQ	GAZP	214.2500000000	100	0.00	0.00	21425.00
003422595562	090219	SPEQ	GAZP	214.2500000000	400	0.00	0.00	85700.00
003422595563	090219	SPEQ	GAZP	214.2500000000	200	0.00	0.00	42850.00
003422595564	090219	SPEQ	GAZP	214.2500000000	500	0.00	0.00	107125.00
003422595565	090219	SPEQ	GAZP	214.2500000000	100	0.00	0.00	21425.00
003422595566	090219	SPEQ	GAZP	214.2500000000	100	0.00	0.00	21425.00
003422595567	090219	SPEQ	GAZP	214.2500000000	100	0.00	0.00	21425.00
003422595568	090219	SPEQ	GAZP	214.2500000000	11000	0.00	0.00	2356750.00
003422595569	090219	SPEQ	GAZP	214.2500000000	100	0.00	0.00	21425.00
003422595570	090220	SPEQ	GAZP	214.2500000000	200	0.00	0.00	42850.00
003422595571	090220	SPEQ	GAZP	214.2500000000	500	0.00	0.00	107125.00
003422595572	090220	SPEQ	GAZP	214.2500000000	100	0.00	0.00	21425.00
003422595573	090220	SPEQ	GAZP	214.2500000000	200	0.00	0.00	42850.00
003422595574	090220	SPEQ	GAZP	214.2500000000	1000	0.00	0.00	214250.00
003422595575	090220	SPEQ	GAZP	214.2500000000	400	0.00	0.00	85700.00
003422595576	090220	SPEQ	GAZP	214.2500000000	1200	0.00	0.00	257100.00
003422595577	090220	SPEQ	GAZP	214.2500000000	200	0.00	0.00	42850.00
003422595578	090220	SPEQ	GAZP	214.2500000000	800	0.00	0.00	171400.00
003422595579	090220	SPEQ	GAZP	214.2500000000	2800	0.00	0.00	599900.00
003422595580	090220	SPEQ	GAZP	214.2500000000	15000	0.00	0.00	3213750.00
003422595581	090220	SPEQ	GAZP	214.2500000000	100	0.00	0.00	21425.00
003422595582	090220	SPEQ	GAZP	214.2500000000	200	0.00	0.00	42850.00
003422595583	090220	SPEQ	GAZP	214.2500000000	4200	0.00	0.00	899850.00
003422595584	090220	SPEQ	GAZP	214.2500000000	1400	0.00	0.00	299950.00
003422595585	090220	SPEQ	GAZP	214.2500000000	20000	0.00	0.00	4285000.00
003422595586	090220	SPEQ	GAZP	214.2500000000	800	0.00	0.00	171400.00
003422595587	090220	SPEQ	GAZP	214.2500000000	34200	0.00	0.00	7327350.00
003422595588	090220	SPEQ	GAZP	214.2500000000	100	0.00	0.00	21425.00
003422595589	090220	SPEQ	GAZP	214.2500000000	100	0.00	0.00	21425.00
003422595590	090220	SPEQ	GAZP	214.2500000000	200	0.00	0.00	42850.00
003422595591	090220	SPEQ	GAZP	214.2500000000	400	0.00	0.00	85700.00
003422595592	090220	SPEQ	GAZP	214.2500000000	100	0.00	0.00	21425.00
003422595593	090220	SPEQ	GAZP	214.2500000000	8900	0.00	0.00	1906825.00
003422595594	090220	SPEQ	GAZP	214.2500000000	100	0.00	0.00	21425.00
003422595595	090220	SPEQ	GAZP	214.2500000000	400	0.00	0.00	85700.00
003422595596	090220	SPEQ	GAZP	214.2500000000	100	0.00	0.00	21425.00
003422595597	090220	SPEQ	GAZP	214.2500000000	1500	0.00	0.00	321375.00
003422595598	090220	SPEQ	GAZP	214.2500000000	5000	0.00	0.00	1071250.00
003422595599	090220	SPEQ	GAZP	214.2500000000	100	0.00	0.00	21425.00
003422595600	090220	SPEQ	GAZP	214.2500000000	3000	0.00	0.00	642750.00
003422595601	090220	SPEQ	GAZP	214.2500000000	100	0.00	0.00	21425.00
003422595602	090220	SPEQ	GAZP	214.2500000000	500	0.00	0.00	107125.00
003422595603	090220	SPEQ	GAZP	214.2500000000	6500	0.00	0.00	1392625.00
003422595604	090220	SPEQ	GAZP	214.2500000000	500	0.00	0.00	107125.00
003422595605	090220	SPEQ	GAZP	214.2500000000	1000	0.00	0.00	214250.00
003422595606	090220	SPEQ	GAZP	214.2500000000	800	0.00	0.00	171400.00
003422595607	090220	SPEQ	GAZP	214.2500000000	300	0.00	0.00	64275.00
003422595608	090220	SPEQ	GAZP	214.2500000000	100	0.00	0.00	21425.00
003422595609	090220	SPEQ	GAZP	214.2500000000	200	0.00	0.00	42850.00
003422595610	090220	SPEQ	GAZP	214.2500000000	500	0.00	0.00	107125.00
003422595611	090220	SPEQ	GAZP	214.2500000000	300	0.00	0.00	64275.00
003422595612	090220	SPEQ	GAZP	214.2500000000	1300	0.00	0.00	278525.00
003422595613	090220	SPEQ	GAZP	214.2500000000	5000	0.00	0.00	1071250.00
003422595614	090220	SPEQ	GAZP	214.2500000000	100	0.00	0.00	21425.00
003422595615	090221	SPEQ	GAZP	214.2500000000	200	0.00	0.00	42850.00
003422595616	090221	SPEQ	GAZP	214.2500000000	1000	0.00	0.00	214250.00
003422595617	090221	SPEQ	GAZP	214.2500000000	100	0.00	0.00	21425.00
003422595618	090221	SPEQ	GAZP	214.2500000000	100	0.00	0.00	21425.00
003422595619	090221	SPEQ	GAZP	214.2500000000	2000	0.00	0.00	428500.00
003422595620	090221	SPEQ	GAZP	214.2500000000	1200	0.00	0.00	257100.00
003422595621	090221	SPEQ	GAZP	214.2500000000	100	0.00	0.00	21425.00
003422595622	090221	SPEQ	GAZP	214.2500000000	7000	0.00	0.00	1499750.00
003422595623	090221	SPEQ	GAZP	214.2500000000	100	0.00	0.00	21425.00
003422595624	090221	SPEQ	GAZP	214.2500000000	100	0.00	0.00	21425.00
003422595625	090221	SPEQ	GAZP	214.2500000000	500	0.00	0.00	107125.00
003422595626	090221	SPEQ	GAZP	214.2500000000	1000	0.00	0.00	214250.00
003422595627	090221	SPEQ	GAZP	214.2500000000	200	0.00	0.00	42850.00
003422595628	090221	SPEQ	GAZP	214.2500000000	200	0.00	0.00	42850.00
003422595629	090221	SPEQ	GAZP	214.2500000000	300	0.00	0.00	64275.00
003422595630	090221	SPEQ	GAZP	214.2500000000	3200	0.00	0.00	685600.00
003422595631	090221	SPEQ	GAZP	214.2500000000	200	0.00	0.00	42850.00
003422595632	090221	SPEQ	GAZP	214.2500000000	1000	0.00	0.00	214250.00
003422595633	090221	SPEQ	GAZP	214.2500000000	3700	0.00	0.00	792725.00
003422595634	090221	SPEQ	GAZP	214.2500000000	200	0.00	0.00	42850.00
003422595635	090221	SPEQ	GAZP	214.2500000000	100	0.00	0.00	21425.00
003422595636	090221	SPEQ	GAZP	214.2500000000	200	0.00	0.00	42850.00
003422595637	090221	SPEQ	GAZP	214.2500000000	300	0.00	0.00	64275.00
003422595638	090221	SPEQ	GAZP	214.2500000000	300	0.00	0.00	64275.00
003422595639	090221	SPEQ	GAZP	214.2500000000	700	0.00	0.00	149975.00
003422595640	090221	SPEQ	GAZP	214.2500000000	100	0.00	0.00	21425.00
003422595641	090221	SPEQ	GAZP	214.2500000000	409800	0.00	0.00	87799650.00
003422595642	090221	SPEQ	GAZP	214.2500000000	4000	0.00	0.00	857000.00
003422595643	090221	SPEQ	GAZP	214.2500000000	100	0.00	0.00	21425.00
003422595644	090221	SPEQ	GAZP	214.2500000000	400	0.00	0.00	85700.00
003422595645	090221	SPEQ	GAZP	214.2500000000	4000	0.00	0.00	857000.00
003422595646	090221	SPEQ	GAZP	214.2500000000	100	0.00	0.00	21425.00
003422595647	090221	SPEQ	GAZP	214.2500000000	400	0.00	0.00	85700.00
003422595648	090221	SPEQ	GAZP	214.2500000000	700	0.00	0.00	149975.00
003422595649	090221	SPEQ	GAZP	214.2500000000	200	0.00	0.00	42850.00
003422595650	090221	SPEQ	GAZP	214.2500000000	300	0.00	0.00	64275.00
003422595651	090221	SPEQ	GAZP	214.2500000000	89900	0.00	0.00	19261075.00
003422595652	090221	SPEQ	GAZP	214.2500000000	1900	0.00	0.00	407075.00
003422595653	090221	SPEQ	GAZP	214.2500000000	200	0.00	0.00	42850.00
003422595654	090221	SPEQ	GAZP	214.2500000000	200	0.00	0.00	42850.00
003422595655	090221	SPEQ	GAZP	214.2500000000	732200	0.00	0.00	156873850.00
003422595656	090221	SPEQ	GAZP	214.2500000000	509000	0.00	0.00	109053250.00
003422595657	090221	SPEQ	GAZP	214.2500000000	200	0.00	0.00	42850.00
003422595658	090221	SPEQ	GAZP	214.2500000000	5000	0.00	0.00	1071250.00
003422595659	090221	SPEQ	GAZP	214.2500000000	55000	0.00	0.00	11783750.00
003422595660	090221	SPEQ	GAZP	214.2500000000	100	0.00	0.00	21425.00
003422595661	090221	SPEQ	GAZP	214.2500000000	32100	0.00	0.00	6877425.00
003422595662	090221	SPEQ	GAZP	214.2500000000	100	0.00	0.00	21425.00
003422595663	090222	SPEQ	GAZP	214.2500000000	200	0.00	0.00	42850.00
003422595664	090222	SPEQ	SNGS	35.0430000000	50000	0.00	0.00	1752150.00
003422595665	090222	SPEQ	SNGS	35.0430000000	3000	0.00	0.00	105129.00
003422595666	090222	SPEQ	SNGS	35.0430000000	8000	0.00	0.00	280344.00
003422595667	090222	SPEQ	SNGS	35.0430000000	4000	0.00	0.00	140172.00
003422595668	090222	SPEQ	SNGS	35.0430000000	10000	0.00	0.00	350430.00
003422595669	090222	SPEQ	SNGS	35.0430000000	12000	0.00	0.00	420516.00
003422595670	090222	SPEQ	SNGS	35.0430000000	5000	0.00	0.00	175215.00
003422595671	090222	SPEQ	SNGS	35.0430000000	3000	0.00	0.00	105129.00
003422595672	090222	SPEQ	SNGS	35.0430000000	3000	0.00	0.00	105129.00
003422595673	090222	SPEQ	SNGS	35.0430000000	39000	0.00	0.00	1366677.00
003422595674	090222	SPEQ	SNGS	35.0430000000	100000	0.00	0.00	3504300.00
003422595675	090222	SPEQ	SNGS	35.0430000000	8000	0.00	0.00	280344.00
003422595676	090222	SPEQ	SNGS	35.0430000000	2000	0.00	0.00	70086.00
003422595677	090222	SPEQ	SNGS	35.0430000000	6000	0.00	0.00	210258.00
003422595678	090222	SPEQ	SNGS	35.0430000000	200000	0.00	0.00	7008600.00
003422595679	090222	SPEQ	SNGS	35.0430000000	8000	0.00	0.00	280344.00
003422595680	090222	SPEQ	SNGS	35.0430000000	497000	0.00	0.00	17416371.00
003422595681	090222	SPEQ	SNGS	35.0430000000	79000	0.00	0.00	2768397.00
003422595682	090222	SPEQ	SNGS	35.0430000000	70000	0.00	0.00	2453010.00
003422595683	090222	SPEQ	SNGS	35.0430000000	132000	0.00	0.00	4625676.00
003422595684	090222	SPEQ	SNGS	35.0430000000	3000	0.00	0.00	105129.00
003422595685	090222	SPEQ	SNGS	35.0430000000	8000	0.00	0.00	280344.00
003422595686	090222	SPEQ	SNGS	35.0430000000	6291000	0.00	0.00	220455513.00
003422595687	090222	SPEQ	SNGS	35.0430000000	1000	0.00	0.00	35043.00
003422595688	090222	SPEQ	SNGS	35.0430000000	97000	0.00	0.00	3399171.00
003422595689	090222	SPEQ	SNGS	35.0430000000	3000	0.00	0.00	105129.00
003422595690	090222	SPEQ	SNGS	35.0430000000	513000	0.00	0.00	17977059.00
003422595691	090222	SPEQ	SNGS	35.0430000000	10000	0.00	0.00	350430.00
003422595692	090222	SPEQ	SNGS	35.0430000000	1000	0.00	0.00	35043.00
003422595693	090222	SPEQ	SNGS	35.0430000000	5000	0.00	0.00	175215.00
003422595694	090222	SPEQ	SNGS	35.0430000000	2000	0.00	0.00	70086.00
003422595695	090222	SPEQ	SNGS	35.0430000000	1639000	0.00	0.00	57435477.00
003422595696	090222	SPEQ	SNGS	35.0430000000	5000	0.00	0.00	175215.00
003422595697	090222	SPEQ	SNGS	35.0430000000	15000	0.00	0.00	525645.00
003422595698	090222	SPEQ	SNGS	35.0430000000	881000	0.00	0.00	30872883.00
003422595699	090222	SPEQ	SNGS	35.0430000000	2107000	0.00	0.00	73835601.00
003422595700	090222	SPEQ	SNGS	35.0430000000	125000	0.00	0.00	4380375.00
003422595701	090222	SPEQ	SNGS	35.0430000000	27000	0.00	0.00	946161.00
003422595702	090222	SPEQ	SNGS	35.0430000000	4000	0.00	0.00	140172.00
003422595703	090222	SPEQ	LKOH	5146.3000000000	10	0.00	0.00	51463.00
003422595704	090222	SPEQ	LKOH	5146.3000000000	240	0.00	0.00	1235112.00
003422595705	090222	SPEQ	LKOH	5146.3000000000	20	0.00	0.00	102926.00
003422595706	090222	SPEQ	LKOH	5146.3000000000	40	0.00	0.00	205852.00
003422595707	090222	SPEQ	LKOH	5146.3000000000	10	0.00	0.00	51463.00
003422595708	090222	SPEQ	LKOH	5146.3000000000	470	0.00	0.00	2418761.00
003422595709	090222	SPEQ	LKOH	5146.3000000000	50	0.00	0.00	257315.00
003422595710	090222	SPEQ	LKOH	5146.3000000000	20	0.00	0.00	102926.00
003422595711	090223	SPEQ	LKOH	5146.3000000000	20	0.00	0.00	102926.00
003422595712	090223	SPEQ	LKOH	5146.3000000000	610	0.00	0.00	3139243.00
003422595713	090223	SPEQ	LKOH	5146.3000000000	50	0.00	0.00	257315.00
003422595714	090223	SPEQ	LKOH	5146.3000000000	20	0.00	0.00	102926.00
003422595715	090223	SPEQ	LKOH	5146.3000000000	30	0.00	0.00	154389.00
003422595716	090223	SPEQ	LKOH	5146.3000000000	2800	0.00	0.00	14409640.00
003422595717	090223	SPEQ	LKOH	5146.3000000000	30	0.00	0.00	154389.00
003422595718	090223	SPEQ	LKOH	5146.3000000000	40	0.00	0.00	205852.00
003422595719	090223	SPEQ	LKOH	5146.3000000000	10	0.00	0.00	51463.00
003422595720	090223	SPEQ	LKOH	5146.3000000000	40	0.00	0.00	205852.00
003422595721	090223	SPEQ	LKOH	5146.3000000000	10	0.00	0.00	51463.00
003422595722	090223	SPEQ	LKOH	5146.3000000000	21790	0.00	0.00	112137877.00
003422595723	090223	SPEQ	LKOH	5146.3000000000	20	0.00	0.00	102926.00
003422595724	090223	SPEQ	LKOH	5146.3000000000	50	0.00	0.00	257315.00
003422595725	090223	SPEQ	LKOH	5146.3000000000	20	0.00	0.00	102926.00
003422595726	090223	SPEQ	LKOH	5146.3000000000	860	0.00	0.00	4425818.00
003422595727	090223	SPEQ	LKOH	5146.3000000000	40	0.00	0.00	205852.00
003422595728	090223	SPEQ	LKOH	5146.3000000000	200	0.00	0.00	1029260.00
003422595729	090223	SPEQ	LKOH	5146.3000000000	50	0.00	0.00	257315.00
003422595730	090223	SPEQ	LKOH	5146.3000000000	100	0.00	0.00	514630.00
003422595731	090223	SPEQ	LKOH	5146.3000000000	10000	0.00	0.00	51463000.00
003422595732	090223	SPEQ	LKOH	5146.3000000000	100	0.00	0.00	514630.00
003422595733	090223	SPEQ	LKOH	5146.3000000000	10	0.00	0.00	51463.00
003422595734	090223	SPEQ	LKOH	5146.3000000000	10	0.00	0.00	51463.00
003422595735	090223	SPEQ	LKOH	5146.3000000000	10	0.00	0.00	51463.00
003422595736	090223	SPEQ	LKOH	5146.3000000000	20	0.00	0.00	102926.00
003422595737	090223	SPEQ	LKOH	5146.3000000000	400	0.00	0.00	2058520.00
003422595738	090223	SPEQ	LKOH	5146.3000000000	40	0.00	0.00	205852.00
003422595739	090223	SPEQ	LKOH	5146.3000000000	150	0.00	0.00	771945.00
003422595740	090223	SPEQ	LKOH	5146.3000000000	50	0.00	0.00	257315.00
003422595741	090223	SPEQ	LKOH	5146.3000000000	50	0.00	0.00	257315.00
003422595742	090223	SPEQ	LKOH	5146.3000000000	200	0.00	0.00	1029260.00
003422595743	090223	SPEQ	LKOH	5146.3000000000	10	0.00	0.00	51463.00
003422595744	090223	SPEQ	LKOH	5146.3000000000	11480	0.00	0.00	59079524.00
003422595745	090223	SPEQ	LKOH	5146.3000000000	50	0.00	0.00	257315.00
003422595746	090223	SPEQ	LKOH	5146.3000000000	100	0.00	0.00	514630.00
003422595747	090223	SPEQ	LKOH	5146.3000000000	50	0.00	0.00	257315.00
003422595748	090224	SPEQ	LKOH	5146.3000000000	670	0.00	0.00	3448021.00
003422595749	090224	SPEQ	LKOH	5146.3000000000	10	0.00	0.00	51463.00
003422595750	090224	SPEQ	LKOH	5146.3000000000	70	0.00	0.00	360241.00
003422595751	090224	SPEQ	LKOH	5146.3000000000	5520	0.00	0.00	28407576.00
003422595752	090224	SPEQ	LKOH	5146.3000000000	20	0.00	0.00	102926.00
003422595753	090224	SPEQ	LKOH	5146.3000000000	35150	0.00	0.00	180892445.00
003422595754	090224	SPEQ	LKOH	5146.3000000000	190	0.00	0.00	977797.00
003422595755	090224	SPEQ	LKOH	5146.3000000000	20240	0.00	0.00	104161112.00
003422595756	090224	SPEQ	LKOH	5146.3000000000	10	0.00	0.00	51463.00
003422595757	090224	SPEQ	LKOH	5146.3000000000	20	0.00	0.00	102926.00
003422595758	090224	SPEQ	LKOH	5146.3000000000	3430	0.00	0.00	17651809.00
003422595759	090224	SPEQ	LKOH	5146.3000000000	6590	0.00	0.00	33914117.00
003422595760	090224	SPEQ	LKOH	5146.3000000000	50	0.00	0.00	257315.00
003422595761	090224	SPEQ	LKOH	5146.3000000000	110	0.00	0.00	566093.00
003422595762	090224	SPEQ	LKOH	5146.3000000000	40	0.00	0.00	205852.00
003422595763	090224	SPEQ	LKOH	5146.3000000000	20	0.00	0.00	102926.00
003422595764	090224	SPEQ	LKOH	5146.3000000000	40	0.00	0.00	205852.00
003422595765	090224	SPEQ	LKOH	5146.3000000000	10	0.00	0.00	51463.00
003422595766	090224	SPEQ	LKOH	5146.3000000000	10	0.00	0.00	51463.00
003422595767	090224	SPEQ	LKOH	5146.3000000000	20	0.00	0.00	102926.00
003422595768	090224	SPEQ	LKOH	5146.3000000000	10	0.00	0.00	51463.00
003422595769	090224	SPEQ	LKOH	5146.3000000000	10	0.00	0.00	51463.00
003422595770	090224	SPEQ	LKOH	5146.3000000000	200	0.00	0.00	1029260.00
003422595771	090224	SPEQ	LKOH	5146.3000000000	1160	0.00	0.00	5969708.00
003422595772	090224	SPEQ	LKOH	5146.3000000000	80	0.00	0.00	411704.00
003422595773	090224	SPEQ	LKOH	5146.3000000000	200	0.00	0.00	1029260.00
003422595774	090224	SPEQ	LKOH	5146.3000000000	20	0.00	0.00	102926.00
003422595775	090224	SPEQ	LKOH	5146.3000000000	120	0.00	0.00	617556.00
003422595776	090224	SPEQ	LKOH	5146.3000000000	10	0.00	0.00	51463.00
003422595777	090224	SPEQ	LKOH	5146.3000000000	10	0.00	0.00	51463.00
003422595778	090224	SPEQ	LKOH	5146.3000000000	370	0.00	0.00	1904131.00
003422595779	090224	SPEQ	LKOH	5146.3000000000	10	0.00	0.00	51463.00
003422595780	090224	SPEQ	LKOH	5146.3000000000	10	0.00	0.00	51463.00
003422595781	090224	SPEQ	LKOH	5146.3000000000	10	0.00	0.00	51463.00
003422595782	090224	SPEQ	LKOH	5146.3000000000	50	0.00	0.00	257315.00
003422595783	090225	SPEQ	LKOH	5146.3000000000	180	0.00	0.00	926334.00
003422595784	090225	SPEQ	LKOH	5146.3000000000	120	0.00	0.00	617556.00
003422595785	090225	SPEQ	LKOH	5146.3000000000	30	0.00	0.00	154389.00
003422595786	090225	SPEQ	LKOH	5146.3000000000	100	0.00	0.00	514630.00
003422595787	090225	SPEQ	LKOH	5146.3000000000	300	0.00	0.00	1543890.00
003422595788	090225	SPEQ	LKOH	5146.3000000000	80	0.00	0.00	411704.00
003422595789	090225	SPEQ	LKOH	5146.3000000000	300	0.00	0.00	1543890.00
003422595790	090225	SPEQ	LKOH	5146.3000000000	20	0.00	0.00	102926.00
003422595791	090225	SPEQ	LKOH	5146.3000000000	30	0.00	0.00	154389.00
003422595792	090225	SPEQ	LKOH	5146.3000000000	20	0.00	0.00	102926.00
003422595793	090225	SPEQ	LKOH	5146.3000000000	30	0.00	0.00	154389.00
003422595794	090225	SPEQ	LKOH	5146.3000000000	380	0.00	0.00	1955594.00
003422595795	090225	SPEQ	LKOH	5146.3000000000	30	0.00	0.00	154389.00
003422595796	090225	SPEQ	LKOH	5146.3000000000	350	0.00	0.00	1801205.00
003422595797	090225	SPEQ	LKOH	5146.3000000000	10	0.00	0.00	51463.00
003422595798	090225	SPEQ	LKOH	5146.3000000000	10	0.00	0.00	51463.00
003422595799	090225	SPEQ	LKOH	5146.3000000000	10	0.00	0.00	51463.00
003422595800	090225	SPEQ	LKOH	5146.3000000000	20	0.00	0.00	102926.00
003422595801	090225	SPEQ	LKOH	5146.3000000000	50	0.00	0.00	257315.00
003422595802	090225	SPEQ	LKOH	5146.3000000000	10	0.00	0.00	51463.00
003422595803	090225	SPEQ	LKOH	5146.3000000000	10	0.00	0.00	51463.00
003422595804	090225	SPEQ	LKOH	5146.3000000000	50	0.00	0.00	257315.00
003422595805	090225	SPEQ	LKOH	5146.3000000000	10	0.00	0.00	51463.00
003422595806	090225	SPEQ	LKOH	5146.3000000000	10	0.00	0.00	51463.00
003422595807	090225	SPEQ	LKOH	5146.3000000000	10	0.00	0.00	51463.00
003422595808	090225	SPEQ	LKOH	5146.3000000000	20	0.00	0.00	102926.00
003422595809	090225	SPEQ	LKOH	5146.3000000000	23970	0.00	0.00	123356811.00
003422595810	090225	SPEQ	LKOH	5146.3000000000	7290	0.00	0.00	37516527.00
003422595811	090225	SPEQ	LKOH	5146.3000000000	18760	0.00	0.00	96544588.00
003422595812	090225	SPEQ	GMKN	23478.2000000000	50	0.00	0.00	1173910.00
003422595813	090225	SPEQ	GMKN	23478.2000000000	10	0.00	0.00	234782.00
003422595814	090225	SPEQ	GMKN	23478.2000000000	2500	0.00	0.00	58695500.00
003422595815	090225	SPEQ	GMKN	23478.2000000000	250	0.00	0.00	5869550.00
003422595816	090225	SPEQ	GMKN	23478.2000000000	10	0.00	0.00	234782.00
003422595817	090225	SPEQ	GMKN	23478.2000000000	10	0.00	0.00	234782.00
003422595818	090225	SPEQ	GMKN	23478.2000000000	20	0.00	0.00	469564.00
003422595819	090225	SPEQ	GMKN	23478.2000000000	10	0.00	0.00	234782.00
003422595820	090225	SPEQ	GMKN	23478.2000000000	30	0.00	0.00	704346.00
003422595821	090225	SPEQ	GMKN	23478.2000000000	22180	0.00	0.00	520746476.00
003422595822	090225	SPEQ	GMKN	23478.2000000000	20	0.00	0.00	469564.00
003422595823	090225	SPEQ	GMKN	23478.2000000000	50	0.00	0.00	1173910.00
003422595824	090225	SPEQ	GMKN	23478.2000000000	10	0.00	0.00	234782.00
003422595825	090225	SPEQ	GMKN	23478.2000000000	20	0.00	0.00	469564.00
003422595826	090225	SPEQ	GMKN	23478.2000000000	30	0.00	0.00	704346.00
003422595827	090225	SPEQ	GMKN	23478.2000000000	10	0.00	0.00	234782.00
003422595828	090225	SPEQ	GMKN	23478.2000000000	10	0.00	0.00	234782.00
003422595829	090225	SPEQ	GMKN	23478.2000000000	3510	0.00	0.00	82408482.00
003422595830	090225	SPEQ	GMKN	23478.2000000000	10	0.00	0.00	234782.00
003422595831	090226	SPEQ	GMKN	23478.2000000000	20	0.00	0.00	469564.00
003422595832	090226	SPEQ	GMKN	23478.2000000000	140	0.00	0.00	3286948.00
003422595833	090226	SPEQ	GMKN	23478.2000000000	40	0.00	0.00	939128.00
003422595834	090226	SPEQ	GMKN	23478.2000000000	3450	0.00	0.00	80999790.00
003422595835	090226	SPEQ	GMKN	23478.2000000000	890	0.00	0.00	20895598.00
003422595836	090226	SPEQ	GMKN	23478.2000000000	40	0.00	0.00	939128.00
003422595837	090226	SPEQ	GMKN	23478.2000000000	230	0.00	0.00	5399986.00
003422595838	090226	SPEQ	GMKN	23478.2000000000	23740	0.00	0.00	557372468.00
003422595839	090226	SPEQ	GMKN	23478.2000000000	20	0.00	0.00	469564.00
003422595840	090226	SPEQ	GMKN	23478.2000000000	10	0.00	0.00	234782.00
003422595841	090226	SPEQ	GMKN	23478.2000000000	10	0.00	0.00	234782.00
003422595842	090226	SPEQ	GMKN	23478.2000000000	400	0.00	0.00	9391280.00
003422595843	090226	SPEQ	GMKN	23478.2000000000	10	0.00	0.00	234782.00
003422595844	090226	SPEQ	GMKN	23478.2000000000	1850	0.00	0.00	43434670.00
003422595845	090226	SPEQ	GMKN	23478.2000000000	210	0.00	0.00	4930422.00
003422595846	090226	SPEQ	GMKN	23478.2000000000	1260	0.00	0.00	29582532.00
003422595847	090226	SPEQ	GMKN	23478.2000000000	10	0.00	0.00	234782.00
003422595848	090226	SPEQ	GMKN	23478.2000000000	10	0.00	0.00	234782.00
003422595849	090226	SPEQ	GMKN	23478.2000000000	10	0.00	0.00	234782.00
003422595850	090226	SPEQ	GMKN	23478.2000000000	20	0.00	0.00	469564.00
003422595851	090226	SPEQ	GMKN	23478.2000000000	10	0.00	0.00	234782.00
003422595852	090226	SPEQ	GMKN	23478.2000000000	70	0.00	0.00	1643474.00
003422595853	090226	SPEQ	GMKN	23478.2000000000	20	0.00	0.00	469564.00
003422595854	090226	SPEQ	GMKN	23478.2000000000	10	0.00	0.00	234782.00
003422595855	090226	SPEQ	GMKN	23478.2000000000	210	0.00	0.00	4930422.00
003422595856	090226	SPEQ	GMKN	23478.2000000000	10	0.00	0.00	234782.00
003422595857	090226	SPEQ	GMKN	23478.2000000000	10	0.00	0.00	234782.00
003422595858	090226	SPEQ	GMKN	23478.2000000000	80	0.00	0.00	1878256.00
003422595859	090226	SPEQ	GMKN	23478.2000000000	100	0.00	0.00	2347820.00
003422595860	090226	SPEQ	GMKN	23478.2000000000	30	0.00	0.00	704346.00
003422595861	090226	SPEQ	GMKN	23478.2000000000	650	0.00	0.00	15260830.00
003422595862	090226	SPEQ	GMKN	23478.2000000000	6420	0.00	0.00	150730044.00
003422595863	090226	SPEQ	GMKN	23478.2000000000	10	0.00	0.00	234782.00
003422595864	090226	SPEQ	GMKN	23478.2000000000	28470	0.00	0.00	668424354.00
003422595865	090226	SPEQ	GMKN	23478.2000000000	700	0.00	0.00	16434740.00
003422595866	090226	SPEQ	GMKN	23478.2000000000	80	0.00	0.00	1878256.00
003422595867	090226	SPEQ	GMKN	23478.2000000000	10	0.00	0.00	234782.00
003422595868	090226	SPEQ	GMKN	23478.2000000000	10	0.00	0.00	234782.00
003422595869	090226	SPEQ	GMKN	23478.2000000000	10	0.00	0.00	234782.00
003422595870	090226	SPEQ	ROSN	442.0000000000	400	0.00	0.00	176800.00
003422595871	090226	SPEQ	ROSN	442.0000000000	700	0.00	0.00	309400.00
003422595872	090226	SPEQ	ROSN	442.0000000000	1300	0.00	0.00	574600.00
003422595873	090226	SPEQ	ROSN	442.0000000000	1000	0.00	0.00	442000.00
003422595874	090226	SPEQ	ROSN	442.0000000000	2400	0.00	0.00	1060800.00
003422595875	090226	SPEQ	ROSN	442.0000000000	200	0.00	0.00	88400.00
003422595876	090226	SPEQ	ROSN	442.0000000000	600	0.00	0.00	265200.00
003422595877	090226	SPEQ	ROSN	442.0000000000	1700	0.00	0.00	751400.00
003422595878	090226	SPEQ	ROSN	442.0000000000	200	0.00	0.00	88400.00
003422595879	090226	SPEQ	ROSN	442.0000000000	300	0.00	0.00	132600.00
003422595880	090226	SPEQ	ROSN	442.0000000000	3200	0.00	0.00	1414400.00
003422595881	090226	SPEQ	ROSN	442.0000000000	24000	0.00	0.00	10608000.00
003422595882	090226	SPEQ	ROSN	442.0000000000	600	0.00	0.00	265200.00
003422595883	090226	SPEQ	ROSN	442.0000000000	71100	0.00	0.00	31426200.00
003422595884	090226	SPEQ	ROSN	442.0000000000	100	0.00	0.00	44200.00
003422595885	090226	SPEQ	ROSN	442.0000000000	2300	0.00	0.00	1016600.00
003422595886	090227	SPEQ	ROSN	442.0000000000	2000	0.00	0.00	884000.00
003422595887	090227	SPEQ	ROSN	442.0000000000	3000	0.00	0.00	1326000.00
003422595888	090227	SPEQ	ROSN	442.0000000000	15200	0.00	0.00	6718400.00
003422595889	090227	SPEQ	ROSN	442.0000000000	23600	0.00	0.00	10431200.00
003422595890	090227	SPEQ	ROSN	442.0000000000	900	0.00	0.00	397800.00
003422595891	090227	SPEQ	ROSN	442.0000000000	38200	0.00	0.00	16884400.00
003422595892	090227	SPEQ	ROSN	442.0000000000	100	0.00	0.00	44200.00
003422595893	090227	SPEQ	ROSN	442.0000000000	415500	0.00	0.00	183651000.00
003422595894	090227	SPEQ	ROSN	442.0000000000	62100	0.00	0.00	27448200.00
003422595895	090227	SPEQ	ROSN	442.0000000000	100	0.00	0.00	44200.00
003422595896	090227	SPEQ	ROSN	442.0000000000	500	0.00	0.00	221000.00
003422595897	090227	SPEQ	ROSN	442.0000000000	100	0.00	0.00	44200.00
003422595898	090227	SPEQ	ROSN	442.0000000000	200	0.00	0.00	88400.00
003422595899	090227	SPEQ	ROSN	442.0000000000	1700	0.00	0.00	751400.00
003422595900	090227	SPEQ	ROSN	442.0000000000	100	0.00	0.00	44200.00
003422595901	090227	SPEQ	ROSN	442.0000000000	300	0.00	0.00	132600.00
003422595902	090227	SPEQ	ROSN	442.0000000000	100	0.00	0.00	44200.00
003422595903	090227	SPEQ	ROSN	442.0000000000	2500	0.00	0.00	1105000.00
003422595904	090227	SPEQ	ROSN	442.0000000000	100	0.00	0.00	44200.00
003422595905	090227	SPEQ	ROSN	442.0000000000	600	0.00	0.00	265200.00
003422595906	090227	SPEQ	ROSN	442.0000000000	300	0.00	0.00	132600.00
003422595907	090227	SPEQ	ROSN	442.0000000000	3800	0.00	0.00	1679600.00
003422595908	090227	SPEQ	ROSN	442.0000000000	4900	0.00	0.00	2165800.00
003422595909	090227	SPEQ	ROSN	442.0000000000	230800	0.00	0.00	102013600.00
003422595910	090227	SPEQ	ROSN	442.0000000000	44700	0.00	0.00	19757400.00
003422595911	090227	SPEQ	ROSN	442.0000000000	300	0.00	0.00	132600.00
003422595912	090227	SPEQ	MTSS	322.9900000000	100	0.00	0.00	32299.00
003422595913	090227	SPEQ	MTSS	322.9900000000	9300	0.00	0.00	3003807.00
003422595914	090227	SPEQ	MTSS	322.9900000000	100	0.00	0.00	32299.00
003422595915	090227	SPEQ	MTSS	322.9900000000	200	0.00	0.00	64598.00
003422595916	090227	SPEQ	MTSS	322.9900000000	8600	0.00	0.00	2777714.00
003422595917	090227	SPEQ	MTSS	322.9900000000	400	0.00	0.00	129196.00
003422595918	090227	SPEQ	MTSS	322.9900000000	100	0.00	0.00	32299.00
003422595919	090227	SPEQ	MTSS	322.9900000000	86200	0.00	0.00	27841738.00
003422595920	090227	SPEQ	MTSS	322.9900000000	400	0.00	0.00	129196.00
003422595921	090227	SPEQ	MTSS	322.9900000000	600	0.00	0.00	193794.00
003422595922	090227	SPEQ	MTSS	322.9900000000	431200	0.00	0.00	139273288.00
003422595923	090227	SPEQ	MTSS	322.9900000000	1400	0.00	0.00	452186.00
003422595924	090228	SPEQ	MTSS	322.9900000000	1000	0.00	0.00	322990.00
003422595925	090228	SPEQ	MTSS	322.9900000000	2000	0.00	0.00	645980.00
003422595926	090228	SPEQ	MTSS	322.9900000000	5900	0.00	0.00	1905641.00
003422595927	090228	SPEQ	MTSS	322.9900000000	100	0.00	0.00	32299.00
003422595928	090228	SPEQ	MTSS	322.9900000000	1000	0.00	0.00	322990.00
003422595929	090228	SPEQ	MTSS	322.9900000000	3300	0.00	0.00	1065867.00
003422595930	090228	SPEQ	MTSS	322.9900000000	400	0.00	0.00	129196.00
003422595931	090228	SPEQ	MTSS	322.9900000000	200	0.00	0.00	64598.00
003422595932	090228	SPEQ	MTSS	322.9900000000	200	0.00	0.00	64598.00
003422595933	090228	SPEQ	MTSS	322.9900000000	1000	0.00	0.00	322990.00
003422595934	090228	SPEQ	MTSS	322.9900000000	400	0.00	0.00	129196.00
003422595935	090228	SPEQ	MTSS	322.9900000000	200	0.00	0.00	64598.00
003422595936	090228	SPEQ	MTSS	322.9900000000	200	0.00	0.00	64598.00
003422595937	090228	SPEQ	MTSS	322.9900000000	500	0.00	0.00	161495.00
003422595938	090228	SPEQ	MTSS	322.9900000000	100	0.00	0.00	32299.00
003422595939	090228	SPEQ	MTSS	322.9900000000	2200	0.00	0.00	710578.00
003422595940	090228	SPEQ	MTSS	322.9900000000	1000	0.00	0.00	322990.00
003422595941	090228	SPEQ	MTSS	322.9900000000	300	0.00	0.00	96897.00
003422595942	090228	SPEQ	MTSS	322.9900000000	200	0.00	0.00	64598.00
003422595943	090228	SPEQ	MTSS	322.9900000000	300	0.00	0.00	96897.00
003422595944	090228	SPEQ	MTSS	322.9900000000	432900	0.00	0.00	139822371.00
003422595945	090228	SPEQ	MTSS	322.9900000000	400	0.00	0.00	129196.00
003422595946	090228	SPEQ	MTSS	322.9900000000	300	0.00	0.00	96897.00
003422595947	090228	SPEQ	MTSS	322.9900000000	17700	0.00	0.00	5716923.00
003422595948	090228	SPEQ	MTSS	322.9900000000	21900	0.00	0.00	7073481.00
003422595949	090228	SPEQ	MTSS	322.9900000000	4900	0.00	0.00	1582651.00
003422595950	090228	SPEQ	MTSS	322.9900000000	3000	0.00	0.00	968970.00
003422595951	090228	SPEQ	MTSS	322.9900000000	1400	0.00	0.00	452186.00
003422595952	090228	SPEQ	NVTK	1191.7200000000	200	0.00	0.00	238344.00
003422595953	090228	SPEQ	NVTK	1191.7200000000	1000	0.00	0.00	1191720.00
003422595954	090228	SPEQ	NVTK	1191.7200000000	400	0.00	0.00	476688.00
003422595955	090228	SPEQ	NVTK	1191.7200000000	4600	0.00	0.00	5481912.00
003422595956	090228	SPEQ	NVTK	1191.7200000000	7800	0.00	0.00	9295416.00
003422595957	090228	SPEQ	NVTK	1191.7200000000	300	0.00	0.00	357516.00
003422595958	090228	SPEQ	NVTK	1191.7200000000	200	0.00	0.00	238344.00
003422595959	090228	SPEQ	NVTK	1191.7200000000	18500	0.00	0.00	22046820.00
003422595960	090228	SPEQ	NVTK	1191.7200000000	100	0.00	0.00	119172.00
003422595961	090228	SPEQ	NVTK	1191.7200000000	500	0.00	0.00	595860.00
003422595962	090228	SPEQ	NVTK	1191.7200000000	6500	0.00	0.00	7746180.00
003422595963	090228	SPEQ	NVTK	1191.7200000000	1300	0.00	0.00	1549236.00
003422595964	090228	SPEQ	TRNFP	141944.0000000000	4	0.00	0.00	567776.00
003422595965	090228	SPEQ	TRNFP	141944.0000000000	3	0.00	0.00	425832.00
003422595966	090228	SPEQ	TRNFP	141944.0000000000	6	0.00	0.00	851664.00
003422595967	090228	SPEQ	TRNFP	141944.0000000000	3	0.00	0.00	425832.00
003422595968	090228	SPEQ	TRNFP	141944.0000000000	2	0.00	0.00	283888.00
003422595969	090228	SPEQ	TRNFP	141944.0000000000	1	0.00	0.00	141944.00
003422595970	090229	SPEQ	TRNFP	141944.0000000000	56	0.00	0.00	7948864.00
003422595971	090229	SPEQ	TRNFP	141944.0000000000	1	0.00	0.00	141944.00
003422595972	090229	SPEQ	TRNFP	141944.0000000000	1	0.00	0.00	141944.00
003422595973	090229	SPEQ	TRNFP	141944.0000000000	1	0.00	0.00	141944.00
003422595974	090229	SPEQ	TRNFP	141944.0000000000	45	0.00	0.00	6387480.00
003422595975	090229	SPEQ	TRNFP	141944.0000000000	5	0.00	0.00	709720.00
003422595976	090229	SPEQ	VTBR	0.0381900000	1000000	0.00	0.00	38190.00
003422595977	090229	SPEQ	VTBR	0.0381900000	1000000	0.00	0.00	38190.00
003422595978	090229	SPEQ	VTBR	0.0381900000	900000	0.00	0.00	34371.00
003422595979	090229	SPEQ	VTBR	0.0381900000	200000	0.00	0.00	7638.00
003422595980	090229	SPEQ	VTBR	0.0381900000	300000	0.00	0.00	11457.00
003422595981	090229	SPEQ	VTBR	0.0381900000	7600000	0.00	0.00	290244.00
003422595982	090229	SPEQ	VTBR	0.0381900000	500000	0.00	0.00	19095.00
003422595983	090229	SPEQ	VTBR	0.0381900000	300000	0.00	0.00	11457.00
003422595984	090229	SPEQ	VTBR	0.0381900000	1000000	0.00	0.00	38190.00
003422595985	090229	SPEQ	VTBR	0.0381900000	800000	0.00	0.00	30552.00
003422595986	090229	SPEQ	VTBR	0.0381900000	1400000	0.00	0.00	53466.00
003422595987	090229	SPEQ	VTBR	0.0381900000	300000	0.00	0.00	11457.00
003422595988	090229	SPEQ	VTBR	0.0381900000	900000	0.00	0.00	34371.00
003422595989	090229	SPEQ	VTBR	0.0381900000	4000000	0.00	0.00	152760.00
003422595990	090229	SPEQ	VTBR	0.0381900000	300000	0.00	0.00	11457.00
003422595991	090229	SPEQ	VTBR	0.0381900000	21000000	0.00	0.00	801990.00
003422595992	090229	SPEQ	VTBR	0.0381900000	100000	0.00	0.00	3819.00
003422595993	090229	SPEQ	VTBR	0.0381900000	100000	0.00	0.00	3819.00
003422595994	090229	SPEQ	VTBR	0.0381900000	100000	0.00	0.00	3819.00
003422595995	090229	SPEQ	VTBR	0.0381900000	100000	0.00	0.00	3819.00
003422595996	090229	SPEQ	VTBR	0.0381900000	100000	0.00	0.00	3819.00
003422595997	090229	SPEQ	VTBR	0.0381900000	1200000	0.00	0.00	45828.00
003422595998	090229	SPEQ	VTBR	0.0381900000	100000	0.00	0.00	3819.00
003422595999	090229	SPEQ	VTBR	0.0381900000	5500000	0.00	0.00	210045.00
003422596000	090229	SPEQ	VTBR	0.0381900000	700000	0.00	0.00	26733.00
003422596001	090229	SPEQ	VTBR	0.0381900000	100000000	0.00	0.00	3819000.00
003422596002	090229	SPEQ	VTBR	0.0381900000	4000000	0.00	0.00	152760.00
003422596003	090229	SPEQ	VTBR	0.0381900000	1100000	0.00	0.00	42009.00
003422596004	090229	SPEQ	VTBR	0.0381900000	400000	0.00	0.00	15276.00
003422596005	090229	SPEQ	VTBR	0.0381900000	100000	0.00	0.00	3819.00
003422596006	090229	SPEQ	VTBR	0.0381900000	300000	0.00	0.00	11457.00
003422596007	090229	SPEQ	VTBR	0.0381900000	261700000	0.00	0.00	9994323.00
003422596008	090229	SPEQ	VTBR	0.0381900000	100000	0.00	0.00	3819.00
003422596009	090229	SPEQ	VTBR	0.0381900000	400000	0.00	0.00	15276.00
003422596010	090229	SPEQ	VTBR	0.0381900000	5400000	0.00	0.00	206226.00
003422596011	090229	SPEQ	VTBR	0.0381900000	283400000	0.00	0.00	10823046.00
003422596012	090229	SPEQ	VTBR	0.0381900000	100000	0.00	0.00	3819.00
003422596013	090229	SPEQ	VTBR	0.0381900000	1700000	0.00	0.00	64923.00
003422596014	090229	SPEQ	VTBR	0.0381900000	100000	0.00	0.00	3819.00
003422596015	090229	SPEQ	VTBR	0.0381900000	200000	0.00	0.00	7638.00
003422596016	090229	SPEQ	VTBR	0.0381900000	600000	0.00	0.00	22914.00
003422596017	090229	SPEQ	VTBR	0.0381900000	200000	0.00	0.00	7638.00
003422596018	090229	SPEQ	VTBR	0.0381900000	8600000	0.00	0.00	328434.00
003422596019	090230	SPEQ	VTBR	0.0381900000	500000	0.00	0.00	19095.00
003422596020	090230	SPEQ	VTBR	0.0381900000	100000	0.00	0.00	3819.00
003422596021	090230	SPEQ	VTBR	0.0381900000	200000	0.00	0.00	7638.00
003422596022	090230	SPEQ	VTBR	0.0381900000	100000	0.00	0.00	3819.00
003422596023	090230	SPEQ	VTBR	0.0381900000	100000	0.00	0.00	3819.00
003422596024	090230	SPEQ	VTBR	0.0381900000	300000	0.00	0.00	11457.00
003422596025	090230	SPEQ	VTBR	0.0381900000	2500000	0.00	0.00	95475.00
003422596026	090230	SPEQ	VTBR	0.0381900000	586300000	0.00	0.00	22390797.00
003422596027	090230	SPEQ	VTBR	0.0381900000	13500000	0.00	0.00	515565.00
003422596028	090230	SPEQ	VTBR	0.0381900000	100000	0.00	0.00	3819.00
003422596029	090230	SPEQ	VTBR	0.0381900000	200000	0.00	0.00	7638.00
003422596030	090230	SPEQ	VTBR	0.0381900000	10000000	0.00	0.00	381900.00
003422596031	090230	SPEQ	VTBR	0.0381900000	500000	0.00	0.00	19095.00
003422596032	090230	SPEQ	VTBR	0.0381900000	100000	0.00	0.00	3819.00
003422596033	090230	SPEQ	VTBR	0.0381900000	300000	0.00	0.00	11457.00
003422596034	090230	SPEQ	VTBR	0.0381900000	1200000	0.00	0.00	45828.00
003422596035	090230	SPEQ	VTBR	0.0381900000	100000	0.00	0.00	3819.00
003422596036	090230	SPEQ	VTBR	0.0381900000	200000	0.00	0.00	7638.00
003422596037	090230	SPEQ	VTBR	0.0381900000	225300000	0.00	0.00	8604207.00
003422596038	090230	SPEQ	VTBR	0.0381900000	394400000	0.00	0.00	15062136.00
003422596039	090230	SPEQ	VTBR	0.0381900000	20400000	0.00	0.00	779076.00
003422596040	090230	SPEQ	VTBR	0.0381900000	300000	0.00	0.00	11457.00
003422596041	090230	SPEQ	VTBR	0.0381900000	6700000	0.00	0.00	255873.00
003422596042	090230	SPEQ	VTBR	0.0381900000	100000	0.00	0.00	3819.00
003422596043	090230	SPEQ	VTBR	0.0381900000	2800000	0.00	0.00	106932.00
003422596044	090230	SPEQ	VTBR	0.0381900000	300000	0.00	0.00	11457.00
003422596045	090230	SPEQ	VTBR	0.0381900000	9326600000	0.00	0.00	356182854.00
003422596046	090230	SPEQ	VTBR	0.0381900000	300000	0.00	0.00	11457.00
003422596047	090230	SPEQ	VTBR	0.0381900000	600000	0.00	0.00	22914.00
003422596048	090230	SPEQ	VTBR	0.0381900000	8000000	0.00	0.00	305520.00
003422596049	090230	SPEQ	VTBR	0.0381900000	1038900000	0.00	0.00	39675591.00
003422596050	090230	SPEQ	VTBR	0.0381900000	1500000	0.00	0.00	57285.00
003422596051	090230	SPEQ	VTBR	0.0381900000	13000000	0.00	0.00	496470.00
003422596052	090230	SPEQ	VTBR	0.0381900000	35000000	0.00	0.00	1336650.00
003422596053	090230	SPEQ	VTBR	0.0381900000	4700000	0.00	0.00	179493.00
003422596054	090231	SPEQ	VTBR	0.0381900000	400000	0.00	0.00	15276.00
003422596055	090231	SPEQ	VTBR	0.0381900000	2000000	0.00	0.00	76380.00
003422596056	090231	SPEQ	VTBR	0.0381900000	3500000	0.00	0.00	133665.00
003422596057	090231	SPEQ	VTBR	0.0381900000	1500000	0.00	0.00	57285.00
003422596058	090231	SPEQ	VTBR	0.0381900000	3570900000	0.00	0.00	136372671.00
003422596059	090231	SPEQ	VTBR	0.0381900000	100000	0.00	0.00	3819.00
003422596060	090231	SPEQ	VTBR	0.0381900000	300000	0.00	0.00	11457.00
003422596061	090231	SPEQ	VTBR	0.0381900000	1200000	0.00	0.00	45828.00
003422596062	090231	SPEQ	VTBR	0.0381900000	100000	0.00	0.00	3819.00
003422596063	090231	SPEQ	VTBR	0.0381900000	2900000	0.00	0.00	110751.00
003422596064	090231	SPEQ	VTBR	0.0381900000	4900000	0.00	0.00	187131.00
003422596065	090231	SPEQ	VTBR	0.0381900000	100000	0.00	0.00	3819.00
003422596066	090231	SPEQ	VTBR	0.0381900000	532400000	0.00	0.00	20332356.00
003422596067	090231	SPEQ	VTBR	0.0381900000	100000	0.00	0.00	3819.00
003422596068	090231	SPEQ	VTBR	0.0381900000	200000	0.00	0.00	7638.00
003422596069	090231	SPEQ	VTBR	0.0381900000	200000	0.00	0.00	7638.00
003422596070	090231	SPEQ	VTBR	0.0381900000	20000000	0.00	0.00	763800.00
003422596071	090231	SPEQ	VTBR	0.0381900000	400000	0.00	0.00	15276.00
003422596072	090231	SPEQ	VTBR	0.0381900000	6000000	0.00	0.00	229140.00
003422596073	090231	SPEQ	VTBR	0.0381900000	100000	0.00	0.00	3819.00
003422596074	090231	SPEQ	VTBR	0.0381900000	3800000	0.00	0.00	145122.00
003422596075	090231	SPEQ	VTBR	0.0381900000	100000	0.00	0.00	3819.00
003422596076	090231	SPEQ	VTBR	0.0381900000	300000	0.00	0.00	11457.00
003422596077	090231	SPEQ	VTBR	0.0381900000	200000	0.00	0.00	7638.00
003422596078	090231	SPEQ	VTBR	0.0381900000	53600000	0.00	0.00	2046984.00
003422596079	090231	SPEQ	VTBR	0.0381900000	300000	0.00	0.00	11457.00
003422596080	090231	SPEQ	VTBR	0.0381900000	200000	0.00	0.00	7638.00
003422596081	090231	SPEQ	VTBR	0.0381900000	1000000	0.00	0.00	38190.00
003422596082	090231	SPEQ	VTBR	0.0381900000	400000	0.00	0.00	15276.00
003422596083	090231	SPEQ	VTBR	0.0381900000	100000000	0.00	0.00	3819000.00
003422596084	090231	SPEQ	VTBR	0.0381900000	300000	0.00	0.00	11457.00
003422596085	090231	SPEQ	VTBR	0.0381900000	500000	0.00	0.00	19095.00
003422596086	090231	SPEQ	VTBR	0.0381900000	800000	0.00	0.00	30552.00
003422596087	090231	SPEQ	VTBR	0.0381900000	600000	0.00	0.00	22914.00
003422596088	090231	SPEQ	VTBR	0.0381900000	100000	0.00	0.00	3819.00
003422596089	090231	SPEQ	VTBR	0.0381900000	900000	0.00	0.00	34371.00
003422596090	090231	SPEQ	VTBR	0.0381900000	700000	0.00	0.00	26733.00
003422596091	090231	SPEQ	VTBR	0.0381900000	26700000	0.00	0.00	1019673.00
003422596092	090231	SPEQ	VTBR	0.0381900000	1900000	0.00	0.00	72561.00
003422596093	090231	SPEQ	VTBR	0.0381900000	300000	0.00	0.00	11457.00
003422596094	090231	SPEQ	VTBR	0.0381900000	100000	0.00	0.00	3819.00
003422596095	090231	SPEQ	VTBR	0.0381900000	500000	0.00	0.00	19095.00
003422596096	090231	SPEQ	VTBR	0.0381900000	300000	0.00	0.00	11457.00
003422596097	090231	SPEQ	VTBR	0.0381900000	20000000	0.00	0.00	763800.00
003422596098	090231	SPEQ	VTBR	0.0381900000	100000	0.00	0.00	3819.00
003422596099	090231	SPEQ	VTBR	0.0381900000	100000	0.00	0.00	3819.00
003422596100	090231	SPEQ	VTBR	0.0381900000	200000	0.00	0.00	7638.00
003422596101	090231	SPEQ	VTBR	0.0381900000	200000	0.00	0.00	7638.00
003422596102	090231	SPEQ	VTBR	0.0381900000	15000000	0.00	0.00	572850.00
003422596103	090231	SPEQ	VTBR	0.0381900000	600000	0.00	0.00	22914.00
003422596104	090231	SPEQ	VTBR	0.0381900000	1300000	0.00	0.00	49647.00
003422596105	090231	SPEQ	VTBR	0.0381900000	1300000	0.00	0.00	49647.00
003422596106	090231	SPEQ	VTBR	0.0381900000	600000	0.00	0.00	22914.00
003422596107	090231	SPEQ	VTBR	0.0381900000	531300000	0.00	0.00	20290347.00
003422596108	090231	SPEQ	VTBR	0.0381900000	400000	0.00	0.00	15276.00
003422596109	090231	SPEQ	VTBR	0.0381900000	780200000	0.00	0.00	29795838.00
003422596110	090231	SPEQ	VTBR	0.0381900000	200000	0.00	0.00	7638.00
003422596111	090231	SPEQ	VTBR	0.0381900000	2696300000	0.00	0.00	102971697.00
003422596112	090231	SPEQ	VTBR	0.0381900000	100000	0.00	0.00	3819.00
003422596113	090232	SPEQ	VTBR	0.0381900000	567100000	0.00	0.00	21657549.00
003422596114	090232	SPEQ	VTBR	0.0381900000	100000	0.00	0.00	3819.00
003422596115	090232	SPEQ	VTBR	0.0381900000	1000000	0.00	0.00	38190.00
003422596116	090232	SPEQ	VTBR	0.0381900000	100000	0.00	0.00	3819.00
003422596117	090232	SPEQ	VTBR	0.0381900000	100000	0.00	0.00	3819.00
003422596118	090232	SPEQ	VTBR	0.0381900000	100000	0.00	0.00	3819.00
003422596119	090232	SPEQ	SBER	278.1200000000	5000	0.00	0.00	1390600.00
003422596120	090232	SPEQ	SBER	278.1200000000	100	0.00	0.00	27812.00
003422596121	090232	SPEQ	SBER	278.1200000000	8000	0.00	0.00	2224960.00
003422596122	090232	SPEQ	SBER	278.1200000000	200	0.00	0.00	55624.00
003422596123	090232	SPEQ	SBER	278.1200000000	600	0.00	0.00	166872.00
003422596124	090232	SPEQ	SBER	278.1200000000	1000	0.00	0.00	278120.00
003422596125	090232	SPEQ	SBER	278.1200000000	900	0.00	0.00	250308.00
003422596126	090232	SPEQ	SBER	278.1200000000	500	0.00	0.00	139060.00
003422596127	090232	SPEQ	SBER	278.1200000000	200	0.00	0.00	55624.00
003422596128	090232	SPEQ	SBER	278.1200000000	1000	0.00	0.00	278120.00
003422596129	090232	SPEQ	SBER	278.1200000000	200	0.00	0.00	55624.00
003422596130	090232	SPEQ	SBER	278.1200000000	500	0.00	0.00	139060.00
003422596131	090232	SPEQ	SBER	278.1200000000	15700	0.00	0.00	4366484.00
003422596132	090232	SPEQ	SBER	278.1200000000	400	0.00	0.00	111248.00
003422596133	090232	SPEQ	SBER	278.1200000000	29100	0.00	0.00	8093292.00
003422596134	090232	SPEQ	SBER	278.1200000000	10000	0.00	0.00	2781200.00
003422596135	090232	SPEQ	SBER	278.1200000000	100	0.00	0.00	27812.00
003422596136	090232	SPEQ	SBER	278.1200000000	100	0.00	0.00	27812.00
003422596137	090232	SPEQ	SBER	278.1200000000	2000	0.00	0.00	556240.00
003422596138	090232	SPEQ	SBER	278.1200000000	100	0.00	0.00	27812.00
003422596139	090232	SPEQ	SBER	278.1200000000	1000	0.00	0.00	278120.00
003422596140	090232	SPEQ	SBER	278.1200000000	1400	0.00	0.00	389368.00
003422596141	090232	SPEQ	SBER	278.1200000000	200	0.00	0.00	55624.00
003422596142	090232	SPEQ	SBER	278.1200000000	200	0.00	0.00	55624.00
003422596143	090232	SPEQ	SBER	278.1200000000	500	0.00	0.00	139060.00
003422596144	090232	SPEQ	SBER	278.1200000000	100	0.00	0.00	27812.00
003422596145	090232	SPEQ	SBER	278.1200000000	2000	0.00	0.00	556240.00
003422596146	090233	SPEQ	SBER	278.1200000000	2100	0.00	0.00	584052.00
003422596147	090233	SPEQ	SBER	278.1200000000	2900	0.00	0.00	806548.00
003422596148	090233	SPEQ	SBER	278.1200000000	100	0.00	0.00	27812.00
003422596149	090233	SPEQ	SBER	278.1200000000	400	0.00	0.00	111248.00
003422596150	090233	SPEQ	SBER	278.1200000000	2000	0.00	0.00	556240.00
003422596151	090233	SPEQ	SBER	278.1200000000	800	0.00	0.00	222496.00
003422596152	090233	SPEQ	SBER	278.1200000000	4500	0.00	0.00	1251540.00
003422596153	090233	SPEQ	SBER	278.1200000000	300	0.00	0.00	83436.00
003422596154	090233	SPEQ	SBER	278.1200000000	300	0.00	0.00	83436.00
003422596155	090233	SPEQ	SBER	278.1200000000	100	0.00	0.00	27812.00
003422596156	090233	SPEQ	SBER	278.1200000000	7500	0.00	0.00	2085900.00
003422596157	090233	SPEQ	SBER	278.1200000000	3200	0.00	0.00	889984.00
003422596158	090233	SPEQ	SBER	278.1200000000	500	0.00	0.00	139060.00
003422596159	090233	SPEQ	SBER	278.1200000000	200	0.00	0.00	55624.00
003422596160	090233	SPEQ	SBER	278.1200000000	500	0.00	0.00	139060.00
003422596161	090233	SPEQ	SBER	278.1200000000	1200	0.00	0.00	333744.00
003422596162	090233	SPEQ	SBER	278.1200000000	100	0.00	0.00	27812.00
003422596163	090233	SPEQ	SBER	278.1200000000	100	0.00	0.00	27812.00
003422596164	090233	SPEQ	SBER	278.1200000000	15000	0.00	0.00	4171800.00
003422596165	090233	SPEQ	SBER	278.1200000000	800	0.00	0.00	222496.00
003422596166	090233	SPEQ	SBER	278.1200000000	10000	0.00	0.00	2781200.00
003422596167	090233	SPEQ	SBER	278.1200000000	1200	0.00	0.00	333744.00
003422596168	090233	SPEQ	SBER	278.1200000000	300	0.00	0.00	83436.00
003422596169	090233	SPEQ	SBER	278.1200000000	200	0.00	0.00	55624.00
003422596170	090233	SPEQ	SBER	278.1200000000	900	0.00	0.00	250308.00
003422596171	090233	SPEQ	SBER	278.1200000000	2000	0.00	0.00	556240.00
003422596172	090233	SPEQ	SBER	278.1200000000	300	0.00	0.00	83436.00
003422596173	090233	SPEQ	SBER	278.1200000000	500	0.00	0.00	139060.00
003422596174	090233	SPEQ	SBER	278.1200000000	800	0.00	0.00	222496.00
003422596175	090233	SPEQ	SBER	278.1200000000	700	0.00	0.00	194684.00
003422596176	090233	SPEQ	SBER	278.1200000000	500	0.00	0.00	139060.00
003422596177	090233	SPEQ	SBER	278.1200000000	100	0.00	0.00	27812.00
003422596178	090233	SPEQ	SBER	278.1200000000	200	0.00	0.00	55624.00
003422596179	090233	SPEQ	SBER	278.1200000000	8500	0.00	0.00	2364020.00
003422596180	090233	SPEQ	SBER	278.1200000000	8000	0.00	0.00	2224960.00
003422596181	090233	SPEQ	SBER	278.1200000000	100	0.00	0.00	27812.00
003422596182	090233	SPEQ	SBER	278.1200000000	100	0.00	0.00	27812.00
003422596183	090233	SPEQ	SBER	278.1200000000	100	0.00	0.00	27812.00
003422596184	090233	SPEQ	SBER	278.1200000000	1400	0.00	0.00	389368.00
003422596185	090233	SPEQ	SBER	278.1200000000	200	0.00	0.00	55624.00
003422596186	090233	SPEQ	SBER	278.1200000000	100	0.00	0.00	27812.00
003422596187	090233	SPEQ	SBER	278.1200000000	100	0.00	0.00	27812.00
003422596188	090233	SPEQ	SBER	278.1200000000	2300	0.00	0.00	639676.00
003422596189	090233	SPEQ	SBER	278.1200000000	100	0.00	0.00	27812.00
003422596190	090233	SPEQ	SBER	278.1200000000	6800	0.00	0.00	1891216.00
003422596191	090233	SPEQ	SBER	278.1200000000	700	0.00	0.00	194684.00
003422596192	090233	SPEQ	SBER	278.1200000000	800	0.00	0.00	222496.00
003422596193	090233	SPEQ	SBER	278.1200000000	100	0.00	0.00	27812.00
003422596194	090233	SPEQ	SBER	278.1200000000	400	0.00	0.00	111248.00
003422596195	090233	SPEQ	SBER	278.1200000000	300	0.00	0.00	83436.00
003422596196	090233	SPEQ	SBER	278.1200000000	700	0.00	0.00	194684.00
003422596197	090233	SPEQ	SBER	278.1200000000	4200	0.00	0.00	1168104.00
003422596198	090233	SPEQ	SBER	278.1200000000	100	0.00	0.00	27812.00
003422596199	090233	SPEQ	SBER	278.1200000000	300	0.00	0.00	83436.00
003422596200	090233	SPEQ	SBER	278.1200000000	2800	0.00	0.00	778736.00
003422596201	090233	SPEQ	SBER	278.1200000000	500	0.00	0.00	139060.00
003422596202	090233	SPEQ	SBER	278.1200000000	800	0.00	0.00	222496.00
003422596203	090234	SPEQ	SBER	278.1200000000	500	0.00	0.00	139060.00
003422596204	090234	SPEQ	SBER	278.1200000000	100	0.00	0.00	27812.00
003422596205	090234	SPEQ	SBER	278.1200000000	1400	0.00	0.00	389368.00
003422596206	090234	SPEQ	SBER	278.1200000000	1000	0.00	0.00	278120.00
003422596207	090234	SPEQ	SBER	278.1200000000	100	0.00	0.00	27812.00
003422596208	090234	SPEQ	SBER	278.1200000000	700	0.00	0.00	194684.00
003422596209	090234	SPEQ	SBER	278.1200000000	1700	0.00	0.00	472804.00
003422596210	090234	SPEQ	SBER	278.1200000000	3600	0.00	0.00	1001232.00
003422596211	090234	SPEQ	SBER	278.1200000000	1000	0.00	0.00	278120.00
003422596212	090234	SPEQ	SBER	278.1200000000	100	0.00	0.00	27812.00
003422596213	090234	SPEQ	SBER	278.1200000000	900	0.00	0.00	250308.00
003422596214	090234	SPEQ	SBER	278.1200000000	800	0.00	0.00	222496.00
003422596215	090234	SPEQ	SBER	278.1200000000	1700	0.00	0.00	472804.00
003422596216	090234	SPEQ	SBER	278.1200000000	400	0.00	0.00	111248.00
003422596217	090234	SPEQ	SBER	278.1200000000	400	0.00	0.00	111248.00
003422596218	090234	SPEQ	SBER	278.1200000000	100	0.00	0.00	27812.00
003422596219	090234	SPEQ	SBER	278.1200000000	2000	0.00	0.00	556240.00
003422596220	090234	SPEQ	SBER	278.1200000000	4121500	0.00	0.00	1146271580.00
003422596221	090234	SPEQ	SBER	278.1200000000	800	0.00	0.00	222496.00
003422596222	090234	SPEQ	SBER	278.1200000000	15400	0.00	0.00	4283048.00
003422596223	090234	SPEQ	SBER	278.1200000000	400	0.00	0.00	111248.00
003422596224	090234	SPEQ	SBER	278.1200000000	700	0.00	0.00	194684.00
003422596225	090234	SPEQ	SBER	278.1200000000	100	0.00	0.00	27812.00
003422596226	090234	SPEQ	SBER	278.1200000000	169700	0.00	0.00	47196964.00
003422596227	090234	SPEQ	SBER	278.1200000000	200	0.00	0.00	55624.00
003422596228	090234	SPEQ	SBER	278.1200000000	1000	0.00	0.00	278120.00
003422596229	090234	SPEQ	SBER	278.1200000000	100	0.00	0.00	27812.00
003422596230	090234	SPEQ	SBER	278.1200000000	100	0.00	0.00	27812.00
003422596231	090234	SPEQ	SBER	278.1200000000	822900	0.00	0.00	228864948.00
003422596232	090234	SPEQ	SBER	278.1200000000	8000	0.00	0.00	2224960.00
003422596233	090234	SPEQ	SBER	278.1200000000	200	0.00	0.00	55624.00
003422596234	090234	SPEQ	SBER	278.1200000000	300	0.00	0.00	83436.00
003422596235	090234	SPEQ	SBER	278.1200000000	2000	0.00	0.00	556240.00
003422596236	090234	SPEQ	SBER	278.1200000000	100	0.00	0.00	27812.00
003422596237	090234	SPEQ	SBER	278.1200000000	100	0.00	0.00	27812.00
003422596238	090234	SPEQ	SBER	278.1200000000	8000	0.00	0.00	2224960.00
003422596239	090234	SPEQ	SBER	278.1200000000	200	0.00	0.00	55624.00
003422596240	090234	SPEQ	SBER	278.1200000000	1600	0.00	0.00	444992.00
003422596241	090234	SPEQ	SBER	278.1200000000	1000	0.00	0.00	278120.00
003422596242	090234	SPEQ	SBER	278.1200000000	400	0.00	0.00	111248.00
003422596243	090234	SPEQ	SBER	278.1200000000	1100	0.00	0.00	305932.00
003422596244	090234	SPEQ	SBER	278.1200000000	273000	0.00	0.00	75926760.00
003422596245	090234	SPEQ	SBER	278.1200000000	400	0.00	0.00	111248.00
003422596246	090234	SPEQ	SBER	278.1200000000	100	0.00	0.00	27812.00
003422596247	090234	SPEQ	SBER	278.1200000000	400	0.00	0.00	111248.00
003422596248	090234	SPEQ	SBER	278.1200000000	200	0.00	0.00	55624.00
003422596249	090234	SPEQ	SBER	278.1200000000	100	0.00	0.00	27812.00
003422596250	090234	SPEQ	SBER	278.1200000000	100	0.00	0.00	27812.00
003422596251	090234	SPEQ	SBER	278.1200000000	100	0.00	0.00	27812.00
003422596252	090234	SPEQ	SBER	278.1200000000	100	0.00	0.00	27812.00
003422596253	090234	SPEQ	SBER	278.1200000000	100	0.00	0.00	27812.00
003422596254	090234	SPEQ	SBER	278.1200000000	200	0.00	0.00	55624.00
003422596255	090234	SPEQ	SBER	278.1200000000	1600	0.00	0.00	444992.00
003422596256	090234	SPEQ	SBER	278.1200000000	50000	0.00	0.00	13906000.00
003422596257	090234	SPEQ	SBER	278.1200000000	200	0.00	0.00	55624.00
003422596258	090234	SPEQ	SBER	278.1200000000	1400	0.00	0.00	389368.00
003422596259	090234	SPEQ	SBER	278.1200000000	100	0.00	0.00	27812.00
003422596260	090234	SPEQ	SBER	278.1200000000	458500	0.00	0.00	127518020.00
003422596261	090234	SPEQ	SBER	278.1200000000	200	0.00	0.00	55624.00
003422596262	090234	SPEQ	SBER	278.1200000000	100	0.00	0.00	27812.00
003422596263	090234	SPEQ	SBER	278.1200000000	300	0.00	0.00	83436.00
003422596264	090235	SPEQ	SBER	278.1200000000	2300	0.00	0.00	639676.00
003422596265	090235	SPEQ	SBER	278.1200000000	5000	0.00	0.00	1390600.00
003422596266	090235	SPEQ	SBER	278.1200000000	500	0.00	0.00	139060.00
003422596267	090235	SPEQ	SBER	278.1200000000	930000	0.00	0.00	258651600.00
003422596268	090235	SPEQ	SBER	278.1200000000	1000	0.00	0.00	278120.00
003422596269	090235	SPEQ	SBER	278.1200000000	100	0.00	0.00	27812.00
003422596270	090235	SPEQ	SBER	278.1200000000	50000	0.00	0.00	13906000.00
003422596271	090235	SPEQ	SBER	278.1200000000	1400	0.00	0.00	389368.00
003422596272	090235	SPEQ	SBER	278.1200000000	600	0.00	0.00	166872.00
003422596273	090235	SPEQ	SBER	278.1200000000	400	0.00	0.00	111248.00
003422596274	090235	SPEQ	SBER	278.1200000000	100	0.00	0.00	27812.00
003422596275	090235	SPEQ	SBER	278.1200000000	500	0.00	0.00	139060.00
003422596276	090235	SPEQ	SBER	278.1200000000	38500	0.00	0.00	10707620.00
003422596277	090235	SPEQ	SBER	278.1200000000	7000	0.00	0.00	1946840.00
003422596278	090235	SPEQ	SBER	278.1200000000	100	0.00	0.00	27812.00
003422596279	090235	SPEQ	SBER	278.1200000000	300	0.00	0.00	83436.00
003422596280	090235	SPEQ	SBER	278.1200000000	400	0.00	0.00	111248.00
003422596281	090235	SPEQ	SBER	278.1200000000	200	0.00	0.00	55624.00
003422596282	090235	SPEQ	SBER	278.1200000000	1000	0.00	0.00	278120.00
003422596283	090235	SPEQ	SBER	278.1200000000	100	0.00	0.00	27812.00
003422596284	090235	SPEQ	SBER	278.1200000000	500	0.00	0.00	139060.00
003422596285	090235	SPEQ	SBER	278.1200000000	100	0.00	0.00	27812.00
003422596286	090235	SPEQ	SBER	278.1200000000	200	0.00	0.00	55624.00
003422596287	090235	SPEQ	SBER	278.1200000000	500	0.00	0.00	139060.00
003422596288	090235	SPEQ	SBER	278.1200000000	1500	0.00	0.00	417180.00
003422596289	090235	SPEQ	SBER	278.1200000000	46000	0.00	0.00	12793520.00
003422596290	090235	SPEQ	SBER	278.1200000000	1700	0.00	0.00	472804.00
003422596291	090235	SPEQ	SBER	278.1200000000	140200	0.00	0.00	38992424.00
003422596292	090235	SPEQ	SBER	278.1200000000	300	0.00	0.00	83436.00
003422596293	090235	SPEQ	SBER	278.1200000000	10469100	0.00	0.00	2911666092.00
003422596294	090235	SPEQ	SBER	278.1200000000	200	0.00	0.00	55624.00
003422596295	090235	SPEQ	SBER	278.1200000000	4000	0.00	0.00	1112480.00
003422596296	090235	SPEQ	SBER	278.1200000000	100	0.00	0.00	27812.00
003422596297	090235	SPEQ	SBER	278.1200000000	110000	0.00	0.00	30593200.00
003422596298	090235	SPEQ	SBER	278.1200000000	400	0.00	0.00	111248.00
003422596299	090235	SPEQ	SBER	278.1200000000	800	0.00	0.00	222496.00
003422596300	090235	SPEQ	SBER	278.1200000000	500	0.00	0.00	139060.00
003422596301	090235	SPEQ	SBER	278.1200000000	100	0.00	0.00	27812.00
003422596302	090235	SPEQ	SBER	278.1200000000	400	0.00	0.00	111248.00
003422596303	090235	SPEQ	SBER	278.1200000000	8493300	0.00	0.00	2362156596.00
003422596304	090235	SPEQ	SBER	278.1200000000	1800	0.00	0.00	500616.00
003422596305	090235	SPEQ	SBER	278.1200000000	80000	0.00	0.00	22249600.00
003422596306	090235	SPEQ	SBER	278.1200000000	300	0.00	0.00	83436.00
003422596307	090235	SPEQ	SBER	278.1200000000	1000	0.00	0.00	278120.00
003422596308	090235	SPEQ	SBER	278.1200000000	500	0.00	0.00	139060.00
003422596309	090235	SPEQ	SBER	278.1200000000	2300	0.00	0.00	639676.00
003422596310	090235	SPEQ	SBER	278.1200000000	382100	0.00	0.00	106269652.00
003422596311	090235	SPEQ	SBER	278.1200000000	3000	0.00	0.00	834360.00
003422596312	090235	SPEQ	SBER	278.1200000000	300	0.00	0.00	83436.00
003422596313	090235	SPEQ	SBER	278.1200000000	100	0.00	0.00	27812.00
003422596314	090235	SPEQ	SBER	278.1200000000	600	0.00	0.00	166872.00
003422596315	090235	SPEQ	SBER	278.1200000000	400	0.00	0.00	111248.00
003422596316	090235	SPEQ	SBER	278.1200000000	100	0.00	0.00	27812.00
003422596317	090235	SPEQ	SBER	278.1200000000	100	0.00	0.00	27812.00
003422596318	090235	SPEQ	SBER	278.1200000000	10000	0.00	0.00	2781200.00
003422596319	090235	SPEQ	SBER	278.1200000000	300	0.00	0.00	83436.00
003422596320	090235	SPEQ	SBER	278.1200000000	100	0.00	0.00	27812.00
003422596321	090235	SPEQ	SBER	278.1200000000	10000	0.00	0.00	2781200.00
003422596322	090235	SPEQ	SBER	278.1200000000	200	0.00	0.00	55624.00
003422596323	090235	SPEQ	SBER	278.1200000000	400	0.00	0.00	111248.00
003422596324	090235	SPEQ	SBER	278.1200000000	700	0.00	0.00	194684.00
003422596325	090236	SPEQ	SBER	278.1200000000	400	0.00	0.00	111248.00
003422596326	090236	SPEQ	SBER	278.1200000000	600	0.00	0.00	166872.00
003422596327	090236	SPEQ	SBER	278.1200000000	29800	0.00	0.00	8287976.00
003422596328	090236	SPEQ	SBER	278.1200000000	13000	0.00	0.00	3615560.00
003422596329	090236	SPEQ	SBER	278.1200000000	500	0.00	0.00	139060.00
003422596330	090236	SPEQ	SBER	278.1200000000	100	0.00	0.00	27812.00
003422596331	090236	SPEQ	SBER	278.1200000000	3300	0.00	0.00	917796.00
003422596332	090236	SPEQ	SBER	278.1200000000	100	0.00	0.00	27812.00
003422596333	090236	SPEQ	SBER	278.1200000000	1900	0.00	0.00	528428.00
003422596334	090236	SPEQ	SBER	278.1200000000	200	0.00	0.00	55624.00
003422596335	090236	SPEQ	SBER	278.1200000000	100	0.00	0.00	27812.00
003422596336	090236	SPEQ	SBER	278.1200000000	300	0.00	0.00	83436.00
003422596337	090236	SPEQ	SBER	278.1200000000	2100	0.00	0.00	584052.00
003422596338	090236	SPEQ	SBER	278.1200000000	100	0.00	0.00	27812.00
003422596339	090236	SPEQ	SBER	278.1200000000	1400	0.00	0.00	389368.00
003422596340	090236	SPEQ	SBER	278.1200000000	300	0.00	0.00	83436.00
003422596341	090236	SPEQ	SBER	278.1200000000	2000	0.00	0.00	556240.00
003422596342	090236	SPEQ	SBER	278.1200000000	300	0.00	0.00	83436.00
003422596343	090236	SPEQ	SBER	278.1200000000	500	0.00	0.00	139060.00
003422596344	090236	SPEQ	SBER	278.1200000000	100	0.00	0.00	27812.00
003422596345	090236	SPEQ	SBER	278.1200000000	36000	0.00	0.00	10012320.00
003422596346	090236	SPEQ	SBER	278.1200000000	400	0.00	0.00	111248.00
003422596347	090236	SPEQ	SBER	278.1200000000	200	0.00	0.00	55624.00
003422596348	090236	SPEQ	SBER	278.1200000000	400	0.00	0.00	111248.00
003422596349	090236	SPEQ	SBER	278.1200000000	300	0.00	0.00	83436.00
003422596350	090236	SPEQ	SBER	278.1200000000	100	0.00	0.00	27812.00
003422596351	090236	SPEQ	SBER	278.1200000000	400	0.00	0.00	111248.00
003422596352	090236	SPEQ	SBER	278.1200000000	100	0.00	0.00	27812.00
003422596353	090236	SPEQ	SBER	278.1200000000	600	0.00	0.00	166872.00
003422596354	090236	SPEQ	SBER	278.1200000000	500	0.00	0.00	139060.00
003422596355	090236	SPEQ	SBER	278.1200000000	300	0.00	0.00	83436.00
003422596356	090236	SPEQ	SBER	278.1200000000	300	0.00	0.00	83436.00
003422596357	090236	SPEQ	SBER	278.1200000000	100	0.00	0.00	27812.00
003422596358	090236	SPEQ	SBER	278.1200000000	28500	0.00	0.00	7926420.00
003422596359	090236	SPEQ	SBER	278.1200000000	185400	0.00	0.00	51563448.00
003422596360	090236	SPEQ	SBER	278.1200000000	200	0.00	0.00	55624.00
003422596361	090236	SPEQ	SBER	278.1200000000	1600	0.00	0.00	444992.00
003422596362	090236	SPEQ	SBER	278.1200000000	1000	0.00	0.00	278120.00
003422596363	090236	SPEQ	SBER	278.1200000000	400	0.00	0.00	111248.00
003422596364	090236	SPEQ	SBER	278.1200000000	400	0.00	0.00	111248.00
003422596365	090236	SPEQ	SBER	278.1200000000	21900	0.00	0.00	6090828.00
003422596366	090236	SPEQ	SBER	278.1200000000	100	0.00	0.00	27812.00
003422596367	090236	SPEQ	SBER	278.1200000000	100	0.00	0.00	27812.00
003422596368	090236	SPEQ	SBER	278.1200000000	200	0.00	0.00	55624.00
003422596369	090236	SPEQ	SBER	278.1200000000	400	0.00	0.00	111248.00
003422596370	090236	SPEQ	SBER	278.1200000000	2400	0.00	0.00	667488.00
003422596371	090236	SPEQ	SBER	278.1200000000	12400	0.00	0.00	3448688.00
003422596372	090236	SPEQ	SBER	278.1200000000	1200	0.00	0.00	333744.00
003422596373	090236	SPEQ	SBER	278.1200000000	1000	0.00	0.00	278120.00
003422596374	090236	SPEQ	SBER	278.1200000000	2000	0.00	0.00	556240.00
003422596375	090236	SPEQ	SBER	278.1200000000	2500	0.00	0.00	695300.00
003422596376	090236	SPEQ	SBER	278.1200000000	600	0.00	0.00	166872.00
003422596377	090236	SPEQ	SBER	278.1200000000	4600	0.00	0.00	1279352.00
003422596378	090236	SPEQ	SBER	278.1200000000	100	0.00	0.00	27812.00
003422596379	090237	SPEQ	SBER	278.1200000000	100	0.00	0.00	27812.00
003422596380	090237	SPEQ	SBER	278.1200000000	300	0.00	0.00	83436.00
003422596381	090237	SPEQ	SBER	278.1200000000	100	0.00	0.00	27812.00
003422596382	090237	SPEQ	SBER	278.1200000000	300	0.00	0.00	83436.00
003422596383	090237	SPEQ	SBER	278.1200000000	100	0.00	0.00	27812.00
003422596384	090237	SPEQ	SBER	278.1200000000	100	0.00	0.00	27812.00
003422596385	090237	SPEQ	SBER	278.1200000000	2600	0.00	0.00	723112.00
003422596386	090237	SPEQ	SBER	278.1200000000	800	0.00	0.00	222496.00
003422596387	090237	SPEQ	SBER	278.1200000000	400	0.00	0.00	111248.00
003422596388	090237	SPEQ	SBER	278.1200000000	700	0.00	0.00	194684.00
003422596389	090237	SPEQ	SBER	278.1200000000	10000	0.00	0.00	2781200.00
003422596390	090237	SPEQ	SBER	278.1200000000	200	0.00	0.00	55624.00
003422596391	090237	SPEQ	SBER	278.1200000000	300	0.00	0.00	83436.00
003422596392	090237	SPEQ	SBER	278.1200000000	3600	0.00	0.00	1001232.00
003422596393	090237	SPEQ	SBER	278.1200000000	500	0.00	0.00	139060.00
003422596394	090237	SPEQ	SBER	278.1200000000	700	0.00	0.00	194684.00
003422596395	090237	SPEQ	SBER	278.1200000000	100	0.00	0.00	27812.00
003422596396	090237	SPEQ	SBER	278.1200000000	500	0.00	0.00	139060.00
003422596397	090237	SPEQ	SBER	278.1200000000	300	0.00	0.00	83436.00
003422596398	090237	SPEQ	SBER	278.1200000000	3500	0.00	0.00	973420.00
003422596399	090237	SPEQ	SBER	278.1200000000	100	0.00	0.00	27812.00
003422596400	090237	SPEQ	SBER	278.1200000000	100	0.00	0.00	27812.00
003422596401	090237	SPEQ	SBER	278.1200000000	200	0.00	0.00	55624.00
003422596402	090237	SPEQ	SBER	278.1200000000	300	0.00	0.00	83436.00
003422596403	090237	SPEQ	SBER	278.1200000000	100	0.00	0.00	27812.00
003422596404	090237	SPEQ	SBER	278.1200000000	1000	0.00	0.00	278120.00
003422596405	090237	SPEQ	SBER	278.1200000000	100	0.00	0.00	27812.00
003422596406	090237	SPEQ	SBER	278.1200000000	8000	0.00	0.00	2224960.00
003422596407	090237	SPEQ	SBER	278.1200000000	100	0.00	0.00	27812.00
003422596408	090237	SPEQ	SBER	278.1200000000	2000	0.00	0.00	556240.00
003422596409	090237	SPEQ	SBER	278.1200000000	200	0.00	0.00	55624.00
003422596410	090237	SPEQ	SBER	278.1200000000	100	0.00	0.00	27812.00
003422596411	090237	SPEQ	SBER	278.1200000000	100	0.00	0.00	27812.00
003422596412	090237	SPEQ	SBER	278.1200000000	2000	0.00	0.00	556240.00
003422596413	090237	SPEQ	SBER	278.1200000000	100	0.00	0.00	27812.00
003422596414	090237	SPEQ	SBER	278.1200000000	500	0.00	0.00	139060.00
003422596415	090237	SPEQ	SBER	278.1200000000	3000	0.00	0.00	834360.00
003422596416	090237	SPEQ	SBER	278.1200000000	4300	0.00	0.00	1195916.00
003422596417	090237	SPEQ	SBER	278.1200000000	800	0.00	0.00	222496.00
003422596418	090237	SPEQ	SBER	278.1200000000	100	0.00	0.00	27812.00
003422596419	090237	SPEQ	SBER	278.1200000000	600	0.00	0.00	166872.00
003422596420	090237	SPEQ	SBER	278.1200000000	300	0.00	0.00	83436.00
003422596421	090237	SPEQ	SBER	278.1200000000	3500	0.00	0.00	973420.00
003422596422	090237	SPEQ	SBER	278.1200000000	2000	0.00	0.00	556240.00
003422596423	090237	SPEQ	SBER	278.1200000000	100	0.00	0.00	27812.00
003422596424	090237	SPEQ	SBER	278.1200000000	400	0.00	0.00	111248.00
003422596425	090237	SPEQ	SBER	278.1200000000	100	0.00	0.00	27812.00
003422596426	090237	SPEQ	SBER	278.1200000000	300	0.00	0.00	83436.00
003422596427	090237	SPEQ	SBER	278.1200000000	300	0.00	0.00	83436.00
003422596428	090237	SPEQ	SBER	278.1200000000	300	0.00	0.00	83436.00
003422596429	090237	SPEQ	SBER	278.1200000000	100	0.00	0.00	27812.00
003422596430	090237	SPEQ	SBER	278.1200000000	600	0.00	0.00	166872.00
003422596431	090237	SPEQ	SBER	278.1200000000	500	0.00	0.00	139060.00
003422596432	090237	SPEQ	SBER	278.1200000000	100	0.00	0.00	27812.00
003422596433	090237	SPEQ	SBER	278.1200000000	400	0.00	0.00	111248.00
003422596434	090237	SPEQ	SBER	278.1200000000	400	0.00	0.00	111248.00
003422596435	090237	SPEQ	SBER	278.1200000000	100	0.00	0.00	27812.00
003422596436	090237	SPEQ	SBER	278.1200000000	2500	0.00	0.00	695300.00
003422596437	090237	SPEQ	SBER	278.1200000000	500	0.00	0.00	139060.00
003422596438	090237	SPEQ	SBER	278.1200000000	100	0.00	0.00	27812.00
003422596439	090237	SPEQ	SBER	278.1200000000	400	0.00	0.00	111248.00
003422596440	090237	SPEQ	SBER	278.1200000000	200	0.00	0.00	55624.00
003422596441	090237	SPEQ	SBER	278.1200000000	300	0.00	0.00	83436.00
003422596442	090238	SPEQ	SBER	278.1200000000	100	0.00	0.00	27812.00
003422596443	090238	SPEQ	SBER	278.1200000000	200	0.00	0.00	55624.00
003422596444	090238	SPEQ	SBER	278.1200000000	17000	0.00	0.00	4728040.00
003422596445	090238	SPEQ	SBER	278.1200000000	1600	0.00	0.00	444992.00
003422596446	090238	SPEQ	SBER	278.1200000000	900	0.00	0.00	250308.00
003422596447	090238	SPEQ	SBER	278.1200000000	1500	0.00	0.00	417180.00
003422596448	090238	SPEQ	SBER	278.1200000000	2000	0.00	0.00	556240.00
003422596449	090238	SPEQ	SBER	278.1200000000	100	0.00	0.00	27812.00
003422596450	090238	SPEQ	SBER	278.1200000000	1000	0.00	0.00	278120.00
003422596451	090238	SPEQ	SBER	278.1200000000	700	0.00	0.00	194684.00
003422596452	090238	SPEQ	SBER	278.1200000000	1000	0.00	0.00	278120.00
003422596453	090238	SPEQ	SBER	278.1200000000	600	0.00	0.00	166872.00
003422596454	090238	SPEQ	SBER	278.1200000000	300	0.00	0.00	83436.00
003422596455	090238	SPEQ	SBER	278.1200000000	1500	0.00	0.00	417180.00
003422596456	090238	SPEQ	SBER	278.1200000000	38000	0.00	0.00	10568560.00
003422596457	090238	SPEQ	SBER	278.1200000000	100	0.00	0.00	27812.00
003422596458	090238	SPEQ	SBER	278.1200000000	300	0.00	0.00	83436.00
003422596459	090238	SPEQ	SBER	278.1200000000	1200	0.00	0.00	333744.00
003422596460	090238	SPEQ	SBER	278.1200000000	200	0.00	0.00	55624.00
003422596461	090238	SPEQ	SBER	278.1200000000	500	0.00	0.00	139060.00
003422596462	090238	SPEQ	SBER	278.1200000000	7500	0.00	0.00	2085900.00
003422596463	090238	SPEQ	SBER	278.1200000000	86500	0.00	0.00	24057380.00
003422596464	090238	SPEQ	SBER	278.1200000000	100	0.00	0.00	27812.00
003422596465	090238	SPEQ	SBER	278.1200000000	400	0.00	0.00	111248.00
003422596466	090238	SPEQ	SBER	278.1200000000	500	0.00	0.00	139060.00
003422596467	090238	SPEQ	SBER	278.1200000000	100	0.00	0.00	27812.00
003422596468	090238	SPEQ	SBER	278.1200000000	100	0.00	0.00	27812.00
003422596469	090238	SPEQ	SBER	278.1200000000	100	0.00	0.00	27812.00
003422596470	090238	SPEQ	SBER	278.1200000000	200	0.00	0.00	55624.00
003422596471	090238	SPEQ	SBER	278.1200000000	300	0.00	0.00	83436.00
003422596472	090238	SPEQ	SBER	278.1200000000	1000	0.00	0.00	278120.00
003422596473	090238	SPEQ	SBER	278.1200000000	100	0.00	0.00	27812.00
003422596474	090238	SPEQ	SBER	278.1200000000	100	0.00	0.00	27812.00
003422596475	090238	SPEQ	SBER	278.1200000000	1100	0.00	0.00	305932.00
003422596476	090238	SPEQ	SBER	278.1200000000	100	0.00	0.00	27812.00
003422596477	090238	SPEQ	SBER	278.1200000000	700	0.00	0.00	194684.00
003422596478	090238	SPEQ	SBER	278.1200000000	2500	0.00	0.00	695300.00
003422596479	090238	SPEQ	SBER	278.1200000000	100	0.00	0.00	27812.00
003422596480	090238	SPEQ	SBER	278.1200000000	2000	0.00	0.00	556240.00
003422596481	090238	SPEQ	SBER	278.1200000000	100	0.00	0.00	27812.00
003422596482	090238	SPEQ	SBER	278.1200000000	500	0.00	0.00	139060.00
003422596483	090238	SPEQ	SBER	278.1200000000	2000	0.00	0.00	556240.00
003422596484	090238	SPEQ	SBER	278.1200000000	200	0.00	0.00	55624.00
003422596485	090238	SPEQ	SBER	278.1200000000	200	0.00	0.00	55624.00
003422596486	090238	SPEQ	SBER	278.1200000000	400	0.00	0.00	111248.00
003422596487	090238	SPEQ	SBER	278.1200000000	100	0.00	0.00	27812.00
003422596488	090238	SPEQ	SBER	278.1200000000	800	0.00	0.00	222496.00
003422596489	090238	SPEQ	SBER	278.1200000000	4200	0.00	0.00	1168104.00
003422596490	090238	SPEQ	SBER	278.1200000000	1000	0.00	0.00	278120.00
003422596491	090238	SPEQ	SBER	278.1200000000	100	0.00	0.00	27812.00
003422596492	090238	SPEQ	SBER	278.1200000000	100	0.00	0.00	27812.00
003422596493	090238	SPEQ	SBER	278.1200000000	300	0.00	0.00	83436.00
003422596494	090238	SPEQ	SBER	278.1200000000	4000	0.00	0.00	1112480.00
003422596495	090238	SPEQ	SBER	278.1200000000	20100	0.00	0.00	5590212.00
003422596496	090238	SPEQ	SBER	278.1200000000	1700	0.00	0.00	472804.00
003422596497	090238	SPEQ	SBER	278.1200000000	300	0.00	0.00	83436.00
003422596498	090239	SPEQ	SBER	278.1200000000	100	0.00	0.00	27812.00
003422596499	090239	SPEQ	SBER	278.1200000000	300	0.00	0.00	83436.00
003422596500	090239	SPEQ	SBER	278.1200000000	200	0.00	0.00	55624.00
003422596501	090239	SPEQ	SBER	278.1200000000	400	0.00	0.00	111248.00
003422596502	090239	SPEQ	SBER	278.1200000000	30000	0.00	0.00	8343600.00
003422596503	090239	SPEQ	SBER	278.1200000000	200	0.00	0.00	55624.00
003422596504	090239	SPEQ	SBER	278.1200000000	1700	0.00	0.00	472804.00
003422596505	090239	SPEQ	SBER	278.1200000000	11100	0.00	0.00	3087132.00
003422596506	090239	SPEQ	SBER	278.1200000000	100	0.00	0.00	27812.00
003422596507	090239	SPEQ	SBER	278.1200000000	700	0.00	0.00	194684.00
003422596508	090239	SPEQ	SBER	278.1200000000	200	0.00	0.00	55624.00
003422596509	090239	SPEQ	SBER	278.1200000000	1500	0.00	0.00	417180.00
003422596510	090239	SPEQ	SBER	278.1200000000	100	0.00	0.00	27812.00
003422596511	090239	SPEQ	SBER	278.1200000000	200	0.00	0.00	55624.00
003422596512	090239	SPEQ	SBER	278.1200000000	100	0.00	0.00	27812.00
003422596513	090239	SPEQ	SBER	278.1200000000	600	0.00	0.00	166872.00
003422596514	090239	SPEQ	SBER	278.1200000000	100	0.00	0.00	27812.00
003422596515	090239	SPEQ	SBER	278.1200000000	100	0.00	0.00	27812.00
003422596516	090239	SPEQ	SBER	278.1200000000	1400	0.00	0.00	389368.00
003422596517	090239	SPEQ	SBER	278.1200000000	900	0.00	0.00	250308.00
003422596518	090239	SPEQ	SBER	278.1200000000	200	0.00	0.00	55624.00
003422596519	090239	SPEQ	SBER	278.1200000000	154900	0.00	0.00	43080788.00
003422596520	090239	SPEQ	SBER	278.1200000000	100	0.00	0.00	27812.00
003422596521	090239	SPEQ	SBER	278.1200000000	300	0.00	0.00	83436.00
003422596522	090239	SPEQ	SBER	278.1200000000	300	0.00	0.00	83436.00
003422596523	090239	SPEQ	SBER	278.1200000000	100	0.00	0.00	27812.00
003422596524	090239	SPEQ	SBER	278.1200000000	100	0.00	0.00	27812.00
003422596525	090239	SPEQ	SBER	278.1200000000	500	0.00	0.00	139060.00
003422596526	090239	SPEQ	SBER	278.1200000000	200	0.00	0.00	55624.00
003422596527	090239	SPEQ	SBER	278.1200000000	200	0.00	0.00	55624.00
003422596528	090239	SPEQ	SBER	278.1200000000	126900	0.00	0.00	35293428.00
003422596529	090239	SPEQ	SBER	278.1200000000	1400	0.00	0.00	389368.00
003422596530	090239	SPEQ	SBER	278.1200000000	2000	0.00	0.00	556240.00
003422596531	090239	SPEQ	SBER	278.1200000000	500	0.00	0.00	139060.00
003422596532	090239	SPEQ	SBER	278.1200000000	4000	0.00	0.00	1112480.00
003422596533	090239	SPEQ	SBER	278.1200000000	200	0.00	0.00	55624.00
003422596534	090239	SPEQ	SBER	278.1200000000	600	0.00	0.00	166872.00
003422596535	090239	SPEQ	SBER	278.1200000000	3500	0.00	0.00	973420.00
003422596536	090239	SPEQ	SBER	278.1200000000	400	0.00	0.00	111248.00
003422596537	090239	SPEQ	SBER	278.1200000000	8400	0.00	0.00	2336208.00
003422596538	090239	SPEQ	SBER	278.1200000000	100	0.00	0.00	27812.00
003422596539	090239	SPEQ	SBER	278.1200000000	100	0.00	0.00	27812.00
003422596540	090239	SPEQ	SBER	278.1200000000	100	0.00	0.00	27812.00
003422596541	090239	SPEQ	SBER	278.1200000000	224200	0.00	0.00	62354504.00
003422596542	090239	SPEQ	SBER	278.1200000000	100	0.00	0.00	27812.00
003422596543	090239	SPEQ	SBER	278.1200000000	100	0.00	0.00	27812.00
003422596544	090239	SPEQ	SBER	278.1200000000	200	0.00	0.00	55624.00
003422596545	090239	SPEQ	SBER	278.1200000000	100	0.00	0.00	27812.00
003422596546	090239	SPEQ	SBER	278.1200000000	200	0.00	0.00	55624.00
003422596547	090239	SPEQ	SBER	278.1200000000	200	0.00	0.00	55624.00
003422596548	090239	SPEQ	SBER	278.1200000000	200	0.00	0.00	55624.00
003422596549	090239	SPEQ	SBER	278.1200000000	200	0.00	0.00	55624.00
003422596550	090239	SPEQ	SBER	278.1200000000	400	0.00	0.00	111248.00
003422596551	090239	SPEQ	SBER	278.1200000000	200	0.00	0.00	55624.00
003422596552	090239	SPEQ	SBER	278.1200000000	200	0.00	0.00	55624.00
003422596553	090239	SPEQ	SBER	278.1200000000	400	0.00	0.00	111248.00
003422596554	090239	SPEQ	SBER	278.1200000000	100	0.00	0.00	27812.00
003422596555	090239	SPEQ	SBER	278.1200000000	3700	0.00	0.00	1029044.00
003422596556	090239	SPEQ	SBER	278.1200000000	2000	0.00	0.00	556240.00
003422596557	090239	SPEQ	SBER	278.1200000000	200	0.00	0.00	55624.00
003422596558	090239	SPEQ	SBER	278.1200000000	100	0.00	0.00	27812.00
003422596559	090239	SPEQ	SBER	278.1200000000	1000	0.00	0.00	278120.00
003422596560	090239	SPEQ	SBER	278.1200000000	200	0.00	0.00	55624.00
003422596561	090240	SPEQ	SBERP	248.5000000000	2000	0.00	0.00	497000.00
003422596562	090240	SPEQ	SBERP	248.5000000000	8800	0.00	0.00	2186800.00
003422596563	090240	SPEQ	SBERP	248.5000000000	50000	0.00	0.00	12425000.00
003422596564	090240	SPEQ	SBERP	248.5000000000	200	0.00	0.00	49700.00
003422596565	090240	SPEQ	SBERP	248.5000000000	1000	0.00	0.00	248500.00
003422596566	090240	SPEQ	SBERP	248.5000000000	800	0.00	0.00	198800.00
003422596567	090240	SPEQ	SBERP	248.5000000000	300	0.00	0.00	74550.00
003422596568	090240	SPEQ	SBERP	248.5000000000	400	0.00	0.00	99400.00
003422596569	090240	SPEQ	SBERP	248.5000000000	500	0.00	0.00	124250.00
003422596570	090240	SPEQ	SBERP	248.5000000000	400	0.00	0.00	99400.00
003422596571	090240	SPEQ	SBERP	248.5000000000	1600	0.00	0.00	397600.00
003422596572	090240	SPEQ	SBERP	248.5000000000	200	0.00	0.00	49700.00
003422596573	090240	SPEQ	SBERP	248.5000000000	100	0.00	0.00	24850.00
003422596574	090240	SPEQ	SBERP	248.5000000000	15100	0.00	0.00	3752350.00
003422596575	090240	SPEQ	SBERP	248.5000000000	35700	0.00	0.00	8871450.00
003422596576	090240	SPEQ	SBERP	248.5000000000	4000	0.00	0.00	994000.00
003422596577	090240	SPEQ	SBERP	248.5000000000	200	0.00	0.00	49700.00
003422596578	090240	SPEQ	SBERP	248.5000000000	300	0.00	0.00	74550.00
003422596579	090240	SPEQ	SBERP	248.5000000000	1400	0.00	0.00	347900.00
003422596580	090240	SPEQ	SBERP	248.5000000000	100	0.00	0.00	24850.00
003422596581	090240	SPEQ	SBERP	248.5000000000	1000	0.00	0.00	248500.00
003422596582	090240	SPEQ	SBERP	248.5000000000	500	0.00	0.00	124250.00
003422596583	090240	SPEQ	SBERP	248.5000000000	1000	0.00	0.00	248500.00
003422596584	090240	SPEQ	SBERP	248.5000000000	700	0.00	0.00	173950.00
003422596585	090240	SPEQ	SBERP	248.5000000000	1800	0.00	0.00	447300.00
003422596586	090240	SPEQ	SBERP	248.5000000000	500	0.00	0.00	124250.00
003422596587	090240	SPEQ	SBERP	248.5000000000	1500	0.00	0.00	372750.00
003422596588	090240	SPEQ	SBERP	248.5000000000	8900	0.00	0.00	2211650.00
003422596589	090240	SPEQ	SBERP	248.5000000000	2116100	0.00	0.00	525850850.00
003422596590	090240	SPEQ	SBERP	248.5000000000	100	0.00	0.00	24850.00
003422596591	090240	SPEQ	SBERP	248.5000000000	1000	0.00	0.00	248500.00
003422596592	090240	SPEQ	SBERP	248.5000000000	4000	0.00	0.00	994000.00
003422596593	090240	SPEQ	SBERP	248.5000000000	1785100	0.00	0.00	443597350.00
003422596594	090240	SPEQ	SBERP	248.5000000000	6400	0.00	0.00	1590400.00
003422596595	090240	SPEQ	SBERP	248.5000000000	740000	0.00	0.00	183890000.00
003422596596	090240	SPEQ	SBERP	248.5000000000	3900	0.00	0.00	969150.00
003422596597	090240	SPEQ	SBERP	248.5000000000	100	0.00	0.00	24850.00
003422596598	090240	SPEQ	SBERP	248.5000000000	300	0.00	0.00	74550.00
003422596599	090240	SPEQ	SBERP	248.5000000000	300	0.00	0.00	74550.00
003422596600	090240	SPEQ	SBERP	248.5000000000	100	0.00	0.00	24850.00
003422596601	090240	SPEQ	SBERP	248.5000000000	800	0.00	0.00	198800.00
003422596602	090240	SPEQ	SBERP	248.5000000000	1500	0.00	0.00	372750.00
003422596603	090240	SPEQ	SBERP	248.5000000000	200	0.00	0.00	49700.00
003422596604	090240	SPEQ	SBERP	248.5000000000	200	0.00	0.00	49700.00
003422596605	090240	SPEQ	SBERP	248.5000000000	200	0.00	0.00	49700.00
003422596606	090240	SPEQ	SBERP	248.5000000000	500	0.00	0.00	124250.00
003422596607	090240	SPEQ	SBERP	248.5000000000	308700	0.00	0.00	76711950.00
003422596608	090240	SPEQ	SBERP	248.5000000000	100	0.00	0.00	24850.00
003422596609	090240	SPEQ	HYDR	0.7724000000	150000	0.00	0.00	115860.00
003422596610	090240	SPEQ	HYDR	0.7724000000	260000	0.00	0.00	200824.00
003422596611	090240	SPEQ	HYDR	0.7724000000	20000	0.00	0.00	15448.00
003422596612	090240	SPEQ	HYDR	0.7724000000	10000	0.00	0.00	7724.00
003422596613	090240	SPEQ	HYDR	0.7724000000	10000	0.00	0.00	7724.00
003422596614	090240	SPEQ	HYDR	0.7724000000	10000	0.00	0.00	7724.00
003422596615	090240	SPEQ	HYDR	0.7724000000	14860000	0.00	0.00	11477864.00
003422596616	090240	SPEQ	HYDR	0.7724000000	5450000	0.00	0.00	4209580.00
003422596617	090240	SPEQ	HYDR	0.7724000000	70000	0.00	0.00	54068.00
003422596618	090240	SPEQ	HYDR	0.7724000000	20000	0.00	0.00	15448.00
003422596619	090240	SPEQ	HYDR	0.7724000000	10000	0.00	0.00	7724.00
003422596620	090240	SPEQ	HYDR	0.7724000000	1900000	0.00	0.00	1467560.00
003422596621	090241	SPEQ	HYDR	0.7724000000	280000	0.00	0.00	216272.00
003422596622	090241	SPEQ	HYDR	0.7724000000	20000	0.00	0.00	15448.00
003422596623	090241	SPEQ	HYDR	0.7724000000	100000	0.00	0.00	77240.00
003422596624	090241	SPEQ	HYDR	0.7724000000	910000	0.00	0.00	702884.00
003422596625	090241	SPEQ	HYDR	0.7724000000	10000	0.00	0.00	7724.00
003422596626	090241	SPEQ	HYDR	0.7724000000	1150000	0.00	0.00	888260.00
003422596627	090241	SPEQ	HYDR	0.7724000000	5020000	0.00	0.00	3877448.00
003422596628	090241	SPEQ	HYDR	0.7724000000	40000	0.00	0.00	30896.00
003422596629	090241	SPEQ	HYDR	0.7724000000	30000	0.00	0.00	23172.00
003422596630	090241	SPEQ	HYDR	0.7724000000	110000	0.00	0.00	84964.00
003422596631	090241	SPEQ	HYDR	0.7724000000	10000	0.00	0.00	7724.00
003422596632	090241	SPEQ	HYDR	0.7724000000	70000	0.00	0.00	54068.00
003422596633	090241	SPEQ	HYDR	0.7724000000	10000	0.00	0.00	7724.00
003422596634	090241	SPEQ	HYDR	0.7724000000	91370000	0.00	0.00	70574188.00
003422596635	090241	SPEQ	HYDR	0.7724000000	5030000	0.00	0.00	3885172.00
003422596636	090241	SPEQ	HYDR	0.7724000000	120000	0.00	0.00	92688.00
003422596637	090241	SPEQ	HYDR	0.7724000000	50000	0.00	0.00	38620.00
003422596638	090241	SPEQ	HYDR	0.7724000000	44860000	0.00	0.00	34649864.00
003422596639	090241	SPEQ	HYDR	0.7724000000	10000	0.00	0.00	7724.00
003422596640	090241	SPEQ	HYDR	0.7724000000	50000	0.00	0.00	38620.00
003422596641	090241	SPEQ	HYDR	0.7724000000	10000	0.00	0.00	7724.00
003422596642	090241	SPEQ	HYDR	0.7724000000	7260000	0.00	0.00	5607624.00
003422596643	090241	SPEQ	HYDR	0.7724000000	10000	0.00	0.00	7724.00
003422596644	090241	SPEQ	HYDR	0.7724000000	20000	0.00	0.00	15448.00
003422596645	090241	SPEQ	HYDR	0.7724000000	500000	0.00	0.00	386200.00
003422596646	090241	SPEQ	HYDR	0.7724000000	10000	0.00	0.00	7724.00
003422596647	090241	SPEQ	HYDR	0.7724000000	5770000	0.00	0.00	4456748.00
003422596648	090241	SPEQ	TATN	512.4900000000	100	0.00	0.00	51249.00
003422596649	090241	SPEQ	TATN	512.4900000000	300	0.00	0.00	153747.00
003422596650	090241	SPEQ	TATN	512.4900000000	1000	0.00	0.00	512490.00
003422596651	090241	SPEQ	TATN	512.4900000000	120000	0.00	0.00	61498800.00
003422596652	090241	SPEQ	TATN	512.4900000000	200	0.00	0.00	102498.00
003422596653	090241	SPEQ	TATN	512.4900000000	1500	0.00	0.00	768735.00
003422596654	090241	SPEQ	TATN	512.4900000000	100	0.00	0.00	51249.00
003422596655	090241	SPEQ	TATN	512.4900000000	1100	0.00	0.00	563739.00
003422596656	090241	SPEQ	TATN	512.4900000000	900	0.00	0.00	461241.00
003422596657	090241	SPEQ	TATN	512.4900000000	600	0.00	0.00	307494.00
003422596658	090241	SPEQ	TATN	512.4900000000	800	0.00	0.00	409992.00
003422596659	090241	SPEQ	TATN	512.4900000000	1200	0.00	0.00	614988.00
003422596660	090241	SPEQ	TATN	512.4900000000	6700	0.00	0.00	3433683.00
003422596661	090241	SPEQ	TATN	512.4900000000	100	0.00	0.00	51249.00
003422596662	090241	SPEQ	TATN	512.4900000000	6500	0.00	0.00	3331185.00
003422596663	090241	SPEQ	TATN	512.4900000000	600	0.00	0.00	307494.00
003422596664	090241	SPEQ	TATN	512.4900000000	400	0.00	0.00	204996.00
003422596665	090241	SPEQ	TATN	512.4900000000	3200	0.00	0.00	1639968.00
003422596666	090241	SPEQ	TATN	512.4900000000	400	0.00	0.00	204996.00
003422596667	090241	SPEQ	TATN	512.4900000000	254400	0.00	0.00	130377456.00
003422596668	090241	SPEQ	TATN	512.4900000000	200	0.00	0.00	102498.00
003422596669	090241	SPEQ	TATN	512.4900000000	224800	0.00	0.00	115207752.00
003422596670	090241	SPEQ	TATN	512.4900000000	100	0.00	0.00	51249.00
003422596671	090241	SPEQ	TATN	512.4900000000	100	0.00	0.00	51249.00
003422596672	090241	SPEQ	TATN	512.4900000000	53200	0.00	0.00	27264468.00
003422596673	090241	SPEQ	TATN	512.4900000000	100	0.00	0.00	51249.00
003422596674	090241	SPEQ	TATN	512.4900000000	900	0.00	0.00	461241.00
003422596675	090241	SPEQ	TATN	512.4900000000	1500	0.00	0.00	768735.00
003422596676	090241	SPEQ	TATN	512.4900000000	400	0.00	0.00	204996.00
003422596677	090241	SPEQ	TATN	512.4900000000	3000	0.00	0.00	1537470.00
003422596678	090241	SPEQ	TATN	512.4900000000	400	0.00	0.00	204996.00
003422596679	090241	SPEQ	TATN	512.4900000000	200	0.00	0.00	102498.00
003422596680	090241	SPEQ	TATN	512.4900000000	200	0.00	0.00	102498.00
003422596681	090241	SPEQ	TATN	512.4900000000	100	0.00	0.00	51249.00
003422596682	090241	SPEQ	TATN	512.4900000000	300	0.00	0.00	153747.00
003422596683	090242	SPEQ	TATN	512.4900000000	25200	0.00	0.00	12914748.00
003422596684	090242	SPEQ	TATN	512.4900000000	4200	0.00	0.00	2152458.00
003422596685	090242	SPEQ	TATN	512.4900000000	2000	0.00	0.00	1024980.00
003422596686	090242	SPEQ	TATN	512.4900000000	169900	0.00	0.00	87072051.00
003422596687	090242	SPEQ	TATN	512.4900000000	96900	0.00	0.00	49660281.00
003422596688	090242	SPEQ	TATN	512.4900000000	500	0.00	0.00	256245.00
003422596689	090242	SPEQ	TATN	512.4900000000	100	0.00	0.00	51249.00
003422596690	090242	SPEQ	CHMF	1243.0200000000	700	0.00	0.00	870114.00
003422596691	090242	SPEQ	CHMF	1243.0200000000	1600	0.00	0.00	1988832.00
003422596692	090242	SPEQ	CHMF	1243.0200000000	300	0.00	0.00	372906.00
003422596693	090242	SPEQ	CHMF	1243.0200000000	3000	0.00	0.00	3729060.00
003422596694	090242	SPEQ	CHMF	1243.0200000000	100	0.00	0.00	124302.00
003422596695	090242	SPEQ	CHMF	1243.0200000000	700	0.00	0.00	870114.00
003422596696	090242	SPEQ	CHMF	1243.0200000000	5400	0.00	0.00	6712308.00
003422596697	090242	SPEQ	CHMF	1243.0200000000	100	0.00	0.00	124302.00
003422596698	090242	SPEQ	CHMF	1243.0200000000	500	0.00	0.00	621510.00
003422596699	090242	SPEQ	CHMF	1243.0200000000	100	0.00	0.00	124302.00
003422596700	090242	SPEQ	CHMF	1243.0200000000	200	0.00	0.00	248604.00
003422596701	090242	SPEQ	CHMF	1243.0200000000	100	0.00	0.00	124302.00
003422596702	090242	SPEQ	CHMF	1243.0200000000	38600	0.00	0.00	47980572.00
003422596703	090242	SPEQ	CHMF	1243.0200000000	2000	0.00	0.00	2486040.00
003422596704	090242	SPEQ	CHMF	1243.0200000000	7700	0.00	0.00	9571254.00
003422596705	090242	SPEQ	CHMF	1243.0200000000	5700	0.00	0.00	7085214.00
003422596706	090242	SPEQ	CHMF	1243.0200000000	2300	0.00	0.00	2858946.00
003422596707	090242	SPEQ	CHMF	1243.0200000000	5000	0.00	0.00	6215100.00
003422596708	090242	SPEQ	CHMF	1243.0200000000	8800	0.00	0.00	10938576.00
003422596709	090242	SPEQ	CHMF	1243.0200000000	100	0.00	0.00	124302.00
003422596710	090242	SPEQ	SNGSP	39.9000000000	90000	0.00	0.00	3591000.00
003422596711	090242	SPEQ	SNGSP	39.9000000000	163000	0.00	0.00	6503700.00
003422596712	090242	SPEQ	SNGSP	39.9000000000	2000	0.00	0.00	79800.00
003422596713	090242	SPEQ	SNGSP	39.9000000000	51000	0.00	0.00	2034900.00
003422596714	090242	SPEQ	SNGSP	39.9000000000	3000	0.00	0.00	119700.00
003422596715	090242	SPEQ	SNGSP	39.9000000000	40000	0.00	0.00	1596000.00
003422596716	090242	SPEQ	SNGSP	39.9000000000	464000	0.00	0.00	18513600.00
003422596717	090242	SPEQ	SNGSP	39.9000000000	1000	0.00	0.00	39900.00
003422596718	090242	SPEQ	SNGSP	39.9000000000	1000	0.00	0.00	39900.00
003422596719	090242	SPEQ	SNGSP	39.9000000000	30000	0.00	0.00	1197000.00
003422596720	090242	SPEQ	SNGSP	39.9000000000	2000	0.00	0.00	79800.00
003422596721	090242	SPEQ	SNGSP	39.9000000000	8000	0.00	0.00	319200.00
003422596722	090242	SPEQ	SNGSP	39.9000000000	50000	0.00	0.00	1995000.00
003422596723	090242	SPEQ	SNGSP	39.9000000000	5000	0.00	0.00	199500.00
003422596724	090242	SPEQ	SNGSP	39.9000000000	100000	0.00	0.00	3990000.00
003422596725	090242	SPEQ	SNGSP	39.9000000000	2000	0.00	0.00	79800.00
003422596726	090242	SPEQ	SNGSP	39.9000000000	80000	0.00	0.00	3192000.00
003422596727	090242	SPEQ	SNGSP	39.9000000000	48000	0.00	0.00	1915200.00
003422596728	090242	SPEQ	SNGSP	39.9000000000	2000	0.00	0.00	79800.00
003422596729	090242	SPEQ	SNGSP	39.9000000000	1218000	0.00	0.00	48598200.00
003422596730	090242	SPEQ	SNGSP	39.9000000000	9000	0.00	0.00	359100.00
003422596731	090242	SPEQ	SNGSP	39.9000000000	36000	0.00	0.00	1436400.00
003422596732	090242	SPEQ	SNGSP	39.9000000000	2413000	0.00	0.00	96278700.00
003422596733	090242	SPEQ	SNGSP	39.9000000000	2000	0.00	0.00	79800.00
003422596734	090242	SPEQ	SNGSP	39.9000000000	18000	0.00	0.00	718200.00
003422596735	090242	SPEQ	SNGSP	39.9000000000	12262000	0.00	0.00	489253800.00
003422596736	090242	SPEQ	SNGSP	39.9000000000	8000	0.00	0.00	319200.00
003422596737	090242	SPEQ	SNGSP	39.9000000000	1169000	0.00	0.00	46643100.00
003422596738	090242	SPEQ	SNGSP	39.9000000000	5000	0.00	0.00	199500.00
003422596739	090242	SPEQ	SNGSP	39.9000000000	2000	0.00	0.00	79800.00
003422596740	090242	SPEQ	SNGSP	39.9000000000	140000	0.00	0.00	5586000.00
003422596741	090242	SPEQ	SNGSP	39.9000000000	101000	0.00	0.00	4029900.00
003422596742	090242	SPEQ	SNGSP	39.9000000000	1000	0.00	0.00	39900.00
003422596743	090242	SPEQ	SNGSP	39.9000000000	881000	0.00	0.00	35151900.00
003422596744	090242	SPEQ	SNGSP	39.9000000000	1000	0.00	0.00	39900.00
003422596745	090243	SPEQ	SNGSP	39.9000000000	2000	0.00	0.00	79800.00
003422596746	090243	SPEQ	SNGSP	39.9000000000	2000	0.00	0.00	79800.00
003422596747	090243	SPEQ	SNGSP	39.9000000000	3000	0.00	0.00	119700.00
003422596748	090243	SPEQ	SNGSP	39.9000000000	1000	0.00	0.00	39900.00
003422596749	090243	SPEQ	SNGSP	39.9000000000	22000	0.00	0.00	877800.00
003422596750	090243	SPEQ	SNGSP	39.9000000000	1000	0.00	0.00	39900.00
003422596751	090243	SPEQ	SNGSP	39.9000000000	6000	0.00	0.00	239400.00
003422596752	090243	SPEQ	SNGSP	39.9000000000	60000	0.00	0.00	2394000.00
003422596753	090243	SPEQ	SNGSP	39.9000000000	2204000	0.00	0.00	87939600.00
003422596754	090243	SPEQ	SNGSP	39.9000000000	1148000	0.00	0.00	45805200.00
003422596755	090243	SPEQ	SNGSP	39.9000000000	2000	0.00	0.00	79800.00
003422596756	090243	SPEQ	SNGSP	39.9000000000	50000	0.00	0.00	1995000.00
003422596757	090243	SPEQ	SNGSP	39.9000000000	882000	0.00	0.00	35191800.00
003422596758	090243	SPEQ	SNGSP	39.9000000000	1642000	0.00	0.00	65515800.00
003422596759	090243	SPEQ	SNGSP	39.9000000000	2000	0.00	0.00	79800.00
003422596760	090243	SPEQ	SNGSP	39.9000000000	21000	0.00	0.00	837900.00
003422596761	090243	SPEQ	SNGSP	39.9000000000	20000	0.00	0.00	798000.00
003422596762	090243	SPEQ	FEES	0.2111800000	100000	0.00	0.00	21118.00
003422596763	090243	SPEQ	FEES	0.2111800000	2100000	0.00	0.00	443478.00
003422596764	090243	SPEQ	FEES	0.2111800000	9300000	0.00	0.00	1963974.00
003422596765	090243	SPEQ	FEES	0.2111800000	100000	0.00	0.00	21118.00
003422596766	090243	SPEQ	FEES	0.2111800000	8000000	0.00	0.00	1689440.00
003422596767	090243	SPEQ	FEES	0.2111800000	25000000	0.00	0.00	5279500.00
003422596768	090243	SPEQ	FEES	0.2111800000	8100000	0.00	0.00	1710558.00
003422596769	090243	SPEQ	FEES	0.2111800000	4900000	0.00	0.00	1034782.00
003422596770	090243	SPEQ	FEES	0.2111800000	31100000	0.00	0.00	6567698.00
003422596771	090243	SPEQ	FEES	0.2111800000	38900000	0.00	0.00	8214902.00
003422596772	090243	SPEQ	FEES	0.2111800000	100000	0.00	0.00	21118.00
003422596773	090243	SPEQ	FEES	0.2111800000	200000	0.00	0.00	42236.00
003422596774	090243	SPEQ	FEES	0.2111800000	100000	0.00	0.00	21118.00
003422596775	090243	SPEQ	FEES	0.2111800000	83100000	0.00	0.00	17549058.00
003422596776	090243	SPEQ	FEES	0.2111800000	200000	0.00	0.00	42236.00
003422596777	090243	SPEQ	FEES	0.2111800000	11400000	0.00	0.00	2407452.00
003422596778	090243	SPEQ	FEES	0.2111800000	182800000	0.00	0.00	38603704.00
003422596779	090243	SPEQ	FEES	0.2111800000	100000	0.00	0.00	21118.00
003422596780	090243	SPEQ	FEES	0.2111800000	500000	0.00	0.00	105590.00
003422596781	090243	SPEQ	FEES	0.2111800000	322900000	0.00	0.00	68190022.00
003422596782	090243	SPEQ	FEES	0.2111800000	200000	0.00	0.00	42236.00
003422596783	090243	SPEQ	NLMK	212.6500000000	21000	0.00	0.00	4465650.00
003422596784	090243	SPEQ	NLMK	212.6500000000	4500	0.00	0.00	956925.00
003422596785	090243	SPEQ	NLMK	212.6500000000	900	0.00	0.00	191385.00
003422596786	090243	SPEQ	NLMK	212.6500000000	100	0.00	0.00	21265.00
003422596787	090243	SPEQ	NLMK	212.6500000000	500	0.00	0.00	106325.00
003422596788	090243	SPEQ	NLMK	212.6500000000	700	0.00	0.00	148855.00
003422596789	090243	SPEQ	NLMK	212.6500000000	100	0.00	0.00	21265.00
003422596790	090243	SPEQ	NLMK	212.6500000000	206000	0.00	0.00	43805900.00
003422596791	090243	SPEQ	NLMK	212.6500000000	1400	0.00	0.00	297710.00
003422596792	090243	SPEQ	NLMK	212.6500000000	500	0.00	0.00	106325.00
003422596793	090243	SPEQ	NLMK	212.6500000000	7500	0.00	0.00	1594875.00
003422596794	090243	SPEQ	NLMK	212.6500000000	100	0.00	0.00	21265.00
003422596795	090243	SPEQ	NLMK	212.6500000000	1700	0.00	0.00	361505.00
003422596796	090243	SPEQ	NLMK	212.6500000000	16500	0.00	0.00	3508725.00
003422596797	090243	SPEQ	NLMK	212.6500000000	4500	0.00	0.00	956925.00
003422596798	090243	SPEQ	NLMK	212.6500000000	33000	0.00	0.00	7017450.00
003422596799	090243	SPEQ	NLMK	212.6500000000	500	0.00	0.00	106325.00
003422596800	090243	SPEQ	NLMK	212.6500000000	11000	0.00	0.00	2339150.00
003422596801	090243	SPEQ	NLMK	212.6500000000	200	0.00	0.00	42530.00
003422596802	090243	SPEQ	NLMK	212.6500000000	1000	0.00	0.00	212650.00
003422596803	090243	SPEQ	NLMK	212.6500000000	500	0.00	0.00	106325.00
